Category,Product Name,Price,Price with Nectar
chips-potatoes-and-rice,Strong Roots Oven Baked Sweet Potato 500g,£3.65£7.30 / kg,
chips-potatoes-and-rice,Strong Roots Crispy Skinny Fries 750g,"£2.65with Nectar
£3.75£5.00 / kg",
chips-potatoes-and-rice,Sainsbury's Super Crispy Skin On Chips 900g,"£2.10with Nectar
£2.60£2.89 / kg",
chips-potatoes-and-rice,Birds Eye Potato Waffles x10 567g,"£2.00with Nectar
£2.35£4.14 / kg",
chips-potatoes-and-rice,McCain Crispy French Fries 1.4kg,"£3.50with Nectar
£4.30£3.07 / kg",
chips-potatoes-and-rice,Sainsbury's Hash Browns 700g,£2.20£3.14 / kg,
chips-potatoes-and-rice,Sainsbury's French Fries 900g,£1.22£1.36 / kg,
chips-potatoes-and-rice,McCain Crispy French Fries 900g,£3.20£3.56 / kg,
chips-potatoes-and-rice,"Sainsbury's Triple Cooked Chips, Taste the Difference 750g","£2.50with Nectar
£3.00£4.00 / kg",
chips-potatoes-and-rice,McCain Home Chips Crinkle 1kg,"£2.50with Nectar
£3.20£3.20 / kg",
chips-potatoes-and-rice,McCain Home Chips Straight 1kg,£3.20£3.20 / kg,
chips-potatoes-and-rice,Mccain Home Chips Chips Crinkle 1.6kg,£4.30£2.69 / kg,
chips-potatoes-and-rice,Sainsbury's Seasoned Curly Fries 700g,"£2.00with Nectar
£2.20£3.14 / kg",
chips-potatoes-and-rice,Sainsbury's Mashed Potato 900g,£2.00£2.22 / kg,
chips-potatoes-and-rice,Sainsbury's Sweet Potato Fries 500g,£2.90£5.80 / kg,
chips-potatoes-and-rice,Sainsbury's Crinkle Cut Chips 1.5kg,£1.99£1.33 / kg,
chips-potatoes-and-rice,McCain Gastro Triple Cooked Chips 600g,£3.00£5.00 / kg,
chips-potatoes-and-rice,Sainsbury's Lightly Spiced Wedges 900g,£2.00£2.22 / kg,
chips-potatoes-and-rice,McCain Potato Smiles 454g,£2.50£5.51 / kg,
chips-potatoes-and-rice,McCain Lightly Spiced Wedges 650g,"£2.00with Nectar
£2.75£4.23 / kg",
chips-potatoes-and-rice,McCain Slow Baked Jackets x4 800g,£3.70£4.63 / kg,
chips-potatoes-and-rice,Mccain Naked Oven Chips Straight 900g,£2.00£2.22 / kg,
chips-potatoes-and-rice,Sainsbury's Hash Brown Bites 700g,£2.20£3.14 / kg,
chips-potatoes-and-rice,Sainsbury's Roast Potatoes 900g,£1.50£1.67 / kg,
chips-potatoes-and-rice,Sainsbury's Steak Cut Chips 1.5kg,£1.99£1.33 / kg,
chips-potatoes-and-rice,"Sainsbury's Chunky Chips, Taste the Difference 1.2kg","£2.80with Nectar
£3.50£2.92 / kg",
chips-potatoes-and-rice,McCain Slow Baked Jackets x8 1.6kg,£5.30£3.31 / kg,
chips-potatoes-and-rice,Sainsbury's Mini Crispy Potatoes 700g,£2.30£3.29 / kg,
chips-potatoes-and-rice,McCain Hash Browns 625g,£2.70£4.32 / kg,
chips-potatoes-and-rice,Sainsbury's Extra Crispy French Fries 900g,"£2.10with Nectar
£2.60£2.89 / kg",
chips-potatoes-and-rice,Walkers French Fries Variety Multipack Snacks Crisps 6 x 18g,£2.20£2.04 / 100g,
chips-potatoes-and-rice,Aunt Bessie's Crispy & Fluffy Homestyle Chips 800g,£3.90£4.88 / kg,
chips-potatoes-and-rice,McCain Home Chips Straight 2.1kg,£4.60£2.19 / kg,
chips-potatoes-and-rice,Mccain Naked Oven Chips Straight 1.7kg,£3.70£2.18 / kg,
chips-potatoes-and-rice,Birds Eye The Original Alphabites 456g,£2.75£6.03 / kg,
chips-potatoes-and-rice,Aunt Bessie's Roast Potatoes 600g,£2.50£4.17 / kg,
chips-potatoes-and-rice,Sainsbury's Salt & Pepper Chips 750g,"£2.10with Nectar
£2.55£3.40 / kg",
chips-potatoes-and-rice,Albert Bartlett Rooster Homestyle Chips 1.2kg,£3.75£3.13 / kg,
chips-potatoes-and-rice,Sainsbury's Potato Croquettes 700g,£2.00£2.86 / kg,
chips-potatoes-and-rice,Sainsbury's French Fries 1.5kg,£2.03£1.35 / kg,
chips-potatoes-and-rice,LEON Waffle Fries 550g,£2.85£5.18 / kg,
chips-potatoes-and-rice,McCain Air Fryer Quick & Crispy French Fries 750g,£3.20£4.27 / kg,
chips-potatoes-and-rice,Sainsbury's Extra Crispy Crinkle Cut Chips 900g,"£2.10with Nectar
£2.60£2.89 / kg",
chips-potatoes-and-rice,Stamford Street Co. Chips 1.5kg,£1.65£1.10 / kg,
chips-potatoes-and-rice,McCain Quick Chips Straight 4x100g,"£2.25with Nectar
£3.00£7.50 / kg",
chips-potatoes-and-rice,Aunt Bessie's Crispy & Fluffy Homestyle Chips 1.3kg,£4.35£3.35 / kg,
chips-potatoes-and-rice,Birds Eye Potato Waffles Fries 500g,"£2.00with Nectar
£2.80£5.60 / kg",
chips-potatoes-and-rice,Aunt Bessie's Roast Potatoes 1.1kg,£4.00£3.64 / kg,
chips-potatoes-and-rice,Sainsbury's Golden Vegetable Rice 380g,£2.50£6.58 / kg,
chips-potatoes-and-rice,Sainsbury's White Rice Microwavable Bags 4 x 200g,£2.75£3.44 / kg,
chips-potatoes-and-rice,Aunt Bessie's Mini Roast Potatoes 700g,£3.50£5.00 / kg,
chips-potatoes-and-rice,Aunt Bessie's Duck Fat Roast Potatoes 700g,£4.50£6.43 / kg,
chips-potatoes-and-rice,LEON Hash Brown Bites 340g,£3.40£10.00 / kg,
chips-potatoes-and-rice,Strong Roots Sweet Potato Hash Brown 350g,£3.30£9.43 / kg,
chips-potatoes-and-rice,McCain Vibes Salt & Vinegar Hot Potato Snack 356g,"£1.50with Nectar
£3.00£8.43 / kg",
chips-potatoes-and-rice,"Sainsbury's Rice, Broccoli, Sweetcorn & Peas Microwaveable S...",£2.50£4.63 / kg,
chips-potatoes-and-rice,McCain Crispy Skin On Fries 800g,£3.70£4.63 / kg,
chips-potatoes-and-rice,Birds Eye Steamfresh Golden Rice Steam Bags x2 380g,£2.75£7.24 / kg,
chips-potatoes-and-rice,LEON Waffle Fries with Garlic & Herb 550g,"£2.25with Nectar
£2.85£5.18 / kg",
chips-potatoes-and-rice,Mccain Lighter Home Chips Straight 1kg,£3.20£3.20 / kg,
fish-and-seafood,Birds Eye Chicken Dippers x38 697g,"£4.00with Nectar
£6.00£8.61 / kg",
fish-and-seafood,Sainsbury's Frozen Large Raw Peeled King Prawns ASC 180g,£2.85£15.83 / kg,
fish-and-seafood,Young's Gastro Signature Breaded Lemon & Pepper Fish Fillets...,"£2.62with Nectar
£5.25£19.44 / kg",
fish-and-seafood,"Sainsbury's Chunky Cod Fish Fingers, Taste the Difference x8...",£4.80£10.00 / kg,
fish-and-seafood,Sainsbury's Taste the Difference 8 Chunky Haddock Fillet Fis...,"£4.00with Nectar
£4.50£9.38 / kg",
fish-and-seafood,Sainsbury's Breaded Cod Fillet Fish Fingers x10 300g,£1.79£5.97 / kg,
fish-and-seafood,Sainsbury's Frozen Large Cooked & Peeled King Prawns ASC 180...,£2.85£15.83 / kg,
fish-and-seafood,Birds Eye Cod Fish Fingers x10 280g,"£3.00with Nectar
£4.50£16.07 / kg",
fish-and-seafood,Birds Eye Battered Fish Fillets x4 400g,"£2.50with Nectar
£4.00£10.00 / kg",
fish-and-seafood,Birds Eye Breaded Omega 3 Fish Fingers x32 896g,"£4.50with Nectar
£5.00£5.58 / kg",
fish-and-seafood,Birds Eye Omega 3 Fish Fingers x10 280g,£3.00£10.71 / kg,
fish-and-seafood,Sainsbury's Skinless & Boneless Cod Fillets 360g,£5.00£13.89 / kg,
fish-and-seafood,Stamford Street Co. White Fish Fillets 520g,£2.35£4.52 / kg,
fish-and-seafood,Stamford Street Co. Breaded Cod Fish Fingers x10 250g,80p£3.20 / kg,
fish-and-seafood,Young's Gastro Tempura Battered Light & Crispy Fish Fillets ...,£5.25£19.44 / kg,
fish-and-seafood,Stamford Street Co. Prawns 250g,£2.72£10.88 / kg,
fish-and-seafood,Sainsbury's Salmon Fillets 360g,£5.00£13.89 / kg,
fish-and-seafood,"Sainsbury's Breaded Chunky Cod Loins, Taste the Difference x...",£4.50£15.00 / kg,
fish-and-seafood,Young's Gastro Frozen Wholetail Scampi 230g,"£4.00with Nectar
£6.00£26.09 / kg",
fish-and-seafood,"Sainsbury's Frozen Cooked & Peeled Jumbo King Prawns ASC, Ta...","£4.50with Nectar
£5.25£23.33 / kg",
fish-and-seafood,"Sainsbury's Frozen Raw Peeled Jumbo King Prawns ASC, Taste t...",£5.25£23.33 / kg,
fish-and-seafood,Sainsbury's Tempura Prawns x12 156g,£2.50£16.03 / kg,
fish-and-seafood,Birds Eye Breaded Cod Fillets x4 400g,"£4.50with Nectar
£6.60£16.50 / kg",
fish-and-seafood,Young's Scampi 220g,£4.50£20.45 / kg,
fish-and-seafood,Young's Admirals Pie 300g,"£1.35with Nectar
£2.50£8.33 / kg",
fish-and-seafood,Sainsbury's Omega 3 Fish Fingers x30 900g,£3.18£3.53 / kg,
fish-and-seafood,Sainsbury's Battered Cod x4 500g,£3.39£6.78 / kg,
fish-and-seafood,Birds Eye Gluten Free Breaded Fish Fingers x12 360g,£3.35£9.31 / kg,
fish-and-seafood,Birds Eye 6 Chunky Crispy Battered Fish Fingers 360g,"£2.50with Nectar
£3.75£10.42 / kg",
fish-and-seafood,Sainsbury's Breaded Cod x4 500g,£3.39£6.78 / kg,
fish-and-seafood,Sainsbury's Scottish Wholetail Breaded Scampi 300g,£4.25£14.17 / kg,
fish-and-seafood,Young's Gastro Basa Fillets Dusted With Sea Salt & Black Pep...,"£3.00with Nectar
£5.25£16.94 / kg",
fish-and-seafood,Birds Eye Battered Cod Fillets x4 400g,£6.60£16.50 / kg,
fish-and-seafood,Sainsbury's Haddock Fillet Portion 360g,£5.00£13.89 / kg,
fish-and-seafood,Sainsbury's Fish Pie Mix 350g,£4.90£14.00 / kg,
fish-and-seafood,Young's Chip Shop Extra Large Beer Batter Fish Fillet x2 300...,"£2.00with Nectar
£3.00£10.00 / kg",
fish-and-seafood,Young's Chip Shop Omega 3 Fish Fillets x4 400g,£4.25£10.63 / kg,
fish-and-seafood,"Sainsbury's Beer Battered Cod, Taste the Difference 300g",£4.00£13.33 / kg,
fish-and-seafood,Birds Eye Breaded Cod Fish Fingers x32 896g,£8.50£9.49 / kg,
fish-and-seafood,Birds Eye Cod Fish Cakes x4 198g,£1.75£8.84 / kg,
fish-and-seafood,Sainsbury's Breaded Plaice Fillets x2 260g,"£3.00with Nectar
£3.40£13.08 / kg",
fish-and-seafood,Young's Scampi 400g,£5.50£13.75 / kg,
fish-and-seafood,Sainsbury's Skin On & Boneless Smoked Haddock Fillets 360g,£5.00£13.89 / kg,
fish-and-seafood,Birds Eye Battered Cod Chips & Peas 395g,£3.50£8.86 / kg,
fish-and-seafood,Birds Eye Haddock Fish Fingers x10 280g,£4.50£16.07 / kg,
fish-and-seafood,"Young's Gastro Basa Fillets, Lemon & Herb Battered 310g",£5.25£16.94 / kg,
fish-and-seafood,Sainsbury's Chunky Breaded Haddock x4 500g,£4.49£8.98 / kg,
fish-and-seafood,Birds Eye Cod Fish Fingers x18 504g,£6.00£11.90 / kg,
fish-and-seafood,Sainsbury's 10 Breaded Omega 3 Pollock Fillet Fish Fingers 3...,£1.06£3.53 / kg,
fish-and-seafood,Sainsbury's Frozen Cooked & Peeled Large King Prawns ASC 400...,£6.33£15.83 / kg,
fish-and-seafood,Sainsbury's Taste the Difference 4 Melting Middle Smoked Had...,£5.00£8.62 / kg,
fish-and-seafood,Sainsbury's Frozen Basa Fillets ASC 500g,£5.00£10.00 / kg,
fish-and-seafood,Young's Chip Shop Large Cod Fillets 440g,£6.50£14.77 / kg,
fish-and-seafood,Young's Gastro Lightly Dusted Sicilian Lemon & Black Pepper ...,"£4.20with Nectar
£5.25£18.75 / kg",
fish-and-seafood,Young's Popcorn Scampi Bites 190g,"£1.50with Nectar
£1.85£9.74 / kg",
fish-and-seafood,Whitby Gluten Free Wholetail Scampi 200g,"£3.95with Nectar
£4.05£20.25 / kg",
fish-and-seafood,Young's Chip Shop Large Haddock Fillets 440g,"£5.00with Nectar
£6.50£14.77 / kg",
fish-and-seafood,Sainsbury's Cod Fish Fingers x30 900g,£5.37£5.97 / kg,
fish-and-seafood,Sainsbury's SO Organic Large Raw King Prawns 180g,£4.15£23.06 / kg,
fish-and-seafood,Birds Eye Jumbo Battered Fish Fillets x2 400g,£4.00£10.00 / kg,
frozen-essentials,Ben & Jerry's Phish Food Chocolate Ice Cream Tub 465ml,"£3.75with Nectar
£5.55£1.19 / 100ml",
frozen-essentials,Carte D'or Madagascan Vanilla Ice Cream Dessert Tub 900ml,£3.9043p / 100ml,
frozen-essentials,Ben & Jerry's Cookie Dough Vanilla Ice Cream Tub 465ml,"£3.75with Nectar
£5.55£1.19 / 100ml",
frozen-essentials,Sainsbury's Frozen Blueberries 400g,£2.95£7.38 / kg,
frozen-essentials,Sainsbury's Garden Peas 910g,£1.55£1.70 / kg,
frozen-essentials,The Ice Co. Party Ice Cubes 2kg,£1.3065p / kg,
frozen-essentials,Sainsbury's Frozen Raspberries 350g,£3.25£9.29 / kg,
frozen-essentials,Sainsbury's Broccoli Florets 900g,£1.07£1.19 / kg,
frozen-essentials,Birds Eye Potato Waffles x10 567g,"£2.00with Nectar
£2.35£4.14 / kg",
frozen-essentials,Sainsbury's Petits Pois 910g,£1.75£1.92 / kg,
frozen-essentials,McCain Crispy French Fries 1.4kg,"£3.50with Nectar
£4.30£3.07 / kg",
frozen-essentials,"Sainsbury's Sweetcorn, Super Sweet 1kg",£1.80£1.80 / kg,
frozen-essentials,Birds Eye Chicken Dippers x38 697g,"£4.00with Nectar
£6.00£8.61 / kg",
frozen-essentials,Sainsbury's Hash Browns 700g,£2.20£3.14 / kg,
frozen-essentials,Sainsbury's French Fries 900g,£1.22£1.36 / kg,
frozen-essentials,Sainsbury's Garlic Slices x10 260g,£1.05£4.04 / kg,
frozen-essentials,Sainsbury's Frozen Strawberries & Blueberries 400g,£2.95£7.38 / kg,
frozen-essentials,"Sainsbury's Chunky Cod Fish Fingers, Taste the Difference x8...",£4.80£10.00 / kg,
frozen-essentials,Birds Eye Garden Peas 800g,£2.95£3.69 / kg,
frozen-essentials,Sainsbury's Mixed Vegetables 1kg,£1.65£1.65 / kg,
frozen-essentials,Stamford Street Co. Yorkshire Puddings x15 220g,44p£2.00 / kg,
frozen-essentials,Sainsbury's Milk Chocolate Ice Creams 4 X 110ml,£2.0446p / 100ml,
frozen-essentials,Mccain Home Chips Chips Crinkle 1.6kg,£4.30£2.69 / kg,
frozen-essentials,Sainsbury's Seasoned Curly Fries 700g,"£2.00with Nectar
£2.20£3.14 / kg",
frozen-essentials,Sainsbury's Sweet Potato Fries 500g,£2.90£5.80 / kg,
frozen-essentials,Sainsbury's Frozen Summer Fruits 500g,£3.30£6.60 / kg,
frozen-essentials,Birds Eye Garden Peas 375g,£1.75£4.67 / kg,
frozen-essentials,Sainsbury's Frozen Large Cooked & Peeled King Prawns ASC 180...,£2.85£15.83 / kg,
frozen-essentials,Sainsbury's Yorkshire Puddings x12 220g,£1.40£6.36 / kg,
frozen-essentials,Mackie's of Scotland Luxury Traditional Real Dairy Ice Cream...,"£2.60with Nectar
£3.6036p / 100ml",
frozen-essentials,Sainsbury's Crinkle Cut Chips 1.5kg,£1.99£1.33 / kg,
frozen-essentials,Birds Eye Cod Fish Fingers x10 280g,"£3.00with Nectar
£4.50£16.07 / kg",
frozen-essentials,Sainsbury's Lightly Spiced Wedges 900g,£2.00£2.22 / kg,
frozen-essentials,Snickers Ice Cream 4x53ml,"£2.00with Nectar
£3.00£1.56 / 100ml",
frozen-essentials,Birds Eye Battered Fish Fillets x4 400g,"£2.50with Nectar
£4.00£10.00 / kg",
frozen-essentials,Sainsbury's Chopped Spinach 900g,£1.60£1.78 / kg,
frozen-essentials,Goodfella's Stonebaked Thin Pepperoni Pizza 332g,£3.00£9.04 / kg,
frozen-essentials,Birds Eye Petits Pois 960g,£3.85£4.01 / kg,
frozen-essentials,Sainsbury's Cauliflower Florets 900g,£1.50£1.67 / kg,
frozen-essentials,Sainsbury's Frozen Dark Sweet Cherries 450g,£3.50£7.78 / kg,
frozen-essentials,McCain Potato Smiles 454g,£2.50£5.51 / kg,
frozen-essentials,Sainsbury's Skinless & Boneless Cod Fillets 360g,£5.00£13.89 / kg,
frozen-essentials,Sainsbury's Garlic Baguette x2 338g,85p£2.51 / kg,
frozen-essentials,Sainsbury's Fruit Juice Ice Cream Splits 6x73ml,£1.5034p / 100ml,
frozen-essentials,Goodfella's Stonebaked Thin Margherita Pizza 345g,£3.00£8.70 / kg,
frozen-essentials,McCain Slow Baked Jackets x4 800g,£3.70£4.63 / kg,
frozen-essentials,Sainsbury's Button Sprouts 1kg,£1.30£1.30 / kg,
frozen-essentials,Sainsbury's Battered Chicken Dippers x44 1kg,£3.31£3.31 / kg,
frozen-essentials,"Sainsbury's Indulgence Ice Cream, White Chocolate 4x110ml",£2.0446p / 100ml,
frozen-essentials,Sainsbury's Baby Whole Leaf Spinach 900g,£1.60£1.78 / kg,
frozen-essentials,Stamford Street Co. Breaded Cod Fish Fingers x10 250g,80p£3.20 / kg,
frozen-essentials,Sainsbury's Vegetable Medley 1kg,£1.65£1.65 / kg,
frozen-essentials,Stamford Street Co. Prawns 250g,£2.72£10.88 / kg,
frozen-essentials,Sainsbury's Salmon Fillets 360g,£5.00£13.89 / kg,
frozen-essentials,"Sainsbury's Breaded Chunky Cod Loins, Taste the Difference x...",£4.50£15.00 / kg,
frozen-essentials,Sainsbury's Steak Cut Chips 1.5kg,£1.99£1.33 / kg,
frozen-essentials,Wall's Soft Scoop Vanilla Ice Cream Dessert Tub 1.8L,£2.8516p / 100ml,
frozen-essentials,Birds Eye Chicken Quarter Pounders x2 227g,£3.25£14.32 / kg,
frozen-essentials,Sainsbury's Garden Peas 1.81kg,£2.45£1.35 / kg,
frozen-essentials,Sainsbury's Four Berry Medley Frozen Fruit 1kg,£4.75£4.75 / kg,
fruit-vegetables-and-herbs,Sainsbury's Frozen Blueberries 400g,£2.95£7.38 / kg,
fruit-vegetables-and-herbs,Sainsbury's Garden Peas 910g,£1.55£1.70 / kg,
fruit-vegetables-and-herbs,Sainsbury's Frozen Raspberries 350g,£3.25£9.29 / kg,
fruit-vegetables-and-herbs,Sainsbury's Broccoli Florets 900g,£1.07£1.19 / kg,
fruit-vegetables-and-herbs,Sainsbury's Petits Pois 910g,£1.75£1.92 / kg,
fruit-vegetables-and-herbs,"Sainsbury's Sweetcorn, Super Sweet 1kg",£1.80£1.80 / kg,
fruit-vegetables-and-herbs,Sainsbury's Frozen Mango Chunks 500g,£2.95£5.90 / kg,
fruit-vegetables-and-herbs,Sainsbury's Frozen Strawberries & Blueberries 400g,£2.95£7.38 / kg,
fruit-vegetables-and-herbs,Sainsbury's Whole Green Beans 900g,£1.07£1.19 / kg,
fruit-vegetables-and-herbs,Birds Eye Garden Peas 800g,£2.95£3.69 / kg,
fruit-vegetables-and-herbs,Sainsbury's Mixed Vegetables 1kg,£1.65£1.65 / kg,
fruit-vegetables-and-herbs,Stamford Street Co. Peas 850g,£1.09£1.28 / kg,
fruit-vegetables-and-herbs,Sainsbury's Sliced Mixed Peppers 500g,99p£1.98 / kg,
fruit-vegetables-and-herbs,Sainsbury's Frozen Summer Fruits 500g,£3.30£6.60 / kg,
fruit-vegetables-and-herbs,Birds Eye Garden Peas 375g,£1.75£4.67 / kg,
fruit-vegetables-and-herbs,Sainsbury's Supersweet Mini Corn Cobs 875g,£1.75£2.00 / kg,
fruit-vegetables-and-herbs,Sainsbury's Chopped Spinach 900g,£1.60£1.78 / kg,
fruit-vegetables-and-herbs,Sainsbury's Classic Vegetable Mix 1kg,£1.65£1.65 / kg,
fruit-vegetables-and-herbs,Birds Eye Petits Pois 960g,£3.85£4.01 / kg,
fruit-vegetables-and-herbs,Sainsbury's Cauliflower Florets 900g,£1.50£1.67 / kg,
fruit-vegetables-and-herbs,Sainsbury's Frozen Whole Strawberries 350g,£2.95£8.43 / kg,
fruit-vegetables-and-herbs,Sainsbury's Frozen Dark Sweet Cherries 450g,£3.50£7.78 / kg,
fruit-vegetables-and-herbs,Sainsbury's Butternut Squash Chunks 500g,99p£1.98 / kg,
fruit-vegetables-and-herbs,Birds Eye Garden Peas 1.2kg,£4.00£3.33 / kg,
fruit-vegetables-and-herbs,Sainsbury's Button Sprouts 1kg,£1.30£1.30 / kg,
fruit-vegetables-and-herbs,Stamford Street Co. Berry Mix 1kg,£3.50£3.50 / kg,
fruit-vegetables-and-herbs,Green Giant Original Sweetcorn 198g,£1.00£6.06 / kg,
fruit-vegetables-and-herbs,Sainsbury's Baby Whole Leaf Spinach 900g,£1.60£1.78 / kg,
fruit-vegetables-and-herbs,Sainsbury's Vegetable Medley 1kg,£1.65£1.65 / kg,
fruit-vegetables-and-herbs,Sainsbury's Garden Peas 1.81kg,£2.45£1.35 / kg,
fruit-vegetables-and-herbs,Sainsbury's Four Berry Medley Frozen Fruit 1kg,£4.75£4.75 / kg,
fruit-vegetables-and-herbs,Sainsbury's Broccoli & Cauliflower Florets 900g,£1.50£1.67 / kg,
fruit-vegetables-and-herbs,Sainsbury's Inspired to Cook Chopped Garlic 75g,£1.75£23.33 / kg,
fruit-vegetables-and-herbs,Sainsbury's Stir Fry Vegetables 500g,£2.50£5.00 / kg,
fruit-vegetables-and-herbs,Birds Eye Steamfresh Family Favourites Steam Bags x4 540g,£2.75£5.09 / kg,
fruit-vegetables-and-herbs,Sainsbury's Baby Carrots 900g,£1.50£1.67 / kg,
fruit-vegetables-and-herbs,Stamford Street Co. Sweetcorn 950g,£1.42£1.49 / kg,
fruit-vegetables-and-herbs,Sainsbury's Cauliflower Cheese 680g,£2.40£3.53 / kg,
fruit-vegetables-and-herbs,Sainsbury's Broad Beans 650g,£1.75£2.69 / kg,
fruit-vegetables-and-herbs,"Sainsbury's Petit Pois, Taste the Difference 750g",£2.50£3.33 / kg,
fruit-vegetables-and-herbs,Sainsbury's Sliced Red Onions 500g,£1.50£3.00 / kg,
fruit-vegetables-and-herbs,Sainsbury's Frozen Berry Banana Smoothie Mix Strawberry & Ba...,£2.95£6.56 / kg,
fruit-vegetables-and-herbs,Sainsbury's Sliced Green Beans 900g,£1.50£1.67 / kg,
fruit-vegetables-and-herbs,Sainsbury's Frozen Black Forest Fruits 500g,£3.30£6.60 / kg,
fruit-vegetables-and-herbs,Sainsbury's Frozen Peach & Nectarine Slices 450g,£2.95£6.56 / kg,
fruit-vegetables-and-herbs,"Sainsbury's Sliced Mushrooms, Inspired to Cook 500g",99p£1.98 / kg,
fruit-vegetables-and-herbs,Sainsbury's Frozen Pineapple Chunks 450g,£2.95£6.56 / kg,
fruit-vegetables-and-herbs,Birds Eye Petits Pois 545g,£2.85£5.23 / kg,
fruit-vegetables-and-herbs,"Sainsbury's Mango, Papaya & Pineapple Smoothie Mix 450g",£2.95£6.56 / kg,
fruit-vegetables-and-herbs,Aunt Bessie's Roast Potatoes 600g,£2.50£4.17 / kg,
fruit-vegetables-and-herbs,Sainsbury's Honey Glazed Roast Parsnips 600g,£2.30£3.83 / kg,
fruit-vegetables-and-herbs,Sainsbury's Classic Vegetable Base Mix 1kg,£2.00£2.00 / kg,
fruit-vegetables-and-herbs,Sainsbury's Sliced Carrots 900g,£1.00£1.11 / kg,
fruit-vegetables-and-herbs,Sainsbury's Petits Pois 1.81kg,£3.05£1.69 / kg,
fruit-vegetables-and-herbs,Birds Eye Country Mixed Vegetables 640g,£3.00£4.69 / kg,
fruit-vegetables-and-herbs,Taj Crushed Garlic 400g,"£1.10with Nectar
£1.40£3.50 / kg",
fruit-vegetables-and-herbs,Sainsbury's Sliced Savoy Cabbage 500g,£2.00£4.00 / kg,
fruit-vegetables-and-herbs,Sainsbury's Chopped Ginger 75g,£1.75£23.33 / kg,
fruit-vegetables-and-herbs,Sainsbury's Frozen Very Berry Smoothie Mix 450g,£2.95£6.56 / kg,
ice-cream-and-ice,Ben & Jerry's Phish Food Chocolate Ice Cream Tub 465ml,"£3.75with Nectar
£5.55£1.19 / 100ml",
ice-cream-and-ice,Cornetto Classico Chocolate Vanilla Ice Cream Cones 6x90ml,"£2.50with Nectar
£3.7569p / 100ml",
ice-cream-and-ice,Carte D'or Madagascan Vanilla Ice Cream Dessert Tub 900ml,£3.9043p / 100ml,
ice-cream-and-ice,The Ice Co. Party Ice Cubes 2kg,£1.3065p / kg,
ice-cream-and-ice,Wall's Solero Exotic Ice Cream Lollies 3x90ml,"£2.00with Nectar
£2.75£1.02 / 100ml",
ice-cream-and-ice,Sainsbury's Milk Chocolate Ice Creams 4 X 110ml,£2.0446p / 100ml,
ice-cream-and-ice,Magnum Mini Classic Chocolate Ice Cream Sticks 6x55ml,"£3.75with Nectar
£5.00£1.52 / 100ml",
ice-cream-and-ice,Wall's Twister Mini Pineapple Ice Cream Lollies 6x50ml,£2.9097p / 100ml,
ice-cream-and-ice,Mackie's of Scotland Luxury Traditional Real Dairy Ice Cream...,"£2.60with Nectar
£3.6036p / 100ml",
ice-cream-and-ice,Cornetto Mint Ice Cream Cones 6x90ml,"£2.50with Nectar
£3.7569p / 100ml",
ice-cream-and-ice,Snickers Ice Cream 4x53ml,"£2.00with Nectar
£3.00£1.56 / 100ml",
ice-cream-and-ice,Mars Ice Cream 4x51ml,£3.00£1.47 / 100ml,
ice-cream-and-ice,Sainsbury's Dark Chocolate & Mint Ice Creams 4 X 110ml,£1.7941p / 100ml,
ice-cream-and-ice,Cornetto Strawberry Ice Cream Cones 6x90ml,"£2.50with Nectar
£3.7569p / 100ml",
ice-cream-and-ice,Fab Strawberry x6 348ml,"£2.00with Nectar
£2.5072p / 100ml",
ice-cream-and-ice,The Ice Co.Super Cubes Giant Ice 1kg,£1.30£1.30 / kg,
ice-cream-and-ice,Sainsbury's Fruit Juice Ice Cream Splits 6x73ml,£1.5034p / 100ml,
ice-cream-and-ice,Magnum Classic Chocolate Ice Cream Sticks 6x100ml,"£4.75with Nectar
£6.10£1.02 / 100ml",
ice-cream-and-ice,"Sainsbury's Pineapple, Coconut & Lime Lollies, Taste the Dif...",£2.5086p / 100ml,
ice-cream-and-ice,"Sainsbury's Indulgence Ice Cream, White Chocolate 4x110ml",£2.0446p / 100ml,
ice-cream-and-ice,Rowntrees Watermelon Ice Lollies 4x73ml,"£2.00with Nectar
£2.5086p / 100ml",
ice-cream-and-ice,"Sainsbury's Valencia Orange Lollies, Taste the Difference x4",£2.5086p / 100ml,
ice-cream-and-ice,Calypso Mr Freeze Ice Pops 20x45ml,"£1.25with Nectar
£1.7019p / 100ml",
ice-cream-and-ice,Ben & Jerry's Cookie Dough Vanilla Ice Cream Tub 465ml,"£3.75with Nectar
£5.55£1.19 / 100ml",
ice-cream-and-ice,Wall's Soft Scoop Vanilla Ice Cream Dessert Tub 1.8L,£2.8516p / 100ml,
ice-cream-and-ice,Sainsbury's Rocket Ice Lollies x8 464ml,£1.5032p / 100ml,
ice-cream-and-ice,Magnum Salted Caramel Ice Cream Sticks 3x100ml,£3.50£1.17 / 100ml,
ice-cream-and-ice,Calippo Walls Cola Ice Lollies 5x80ml,"£2.00with Nectar
£2.9073p / 100ml",
ice-cream-and-ice,Swedish Glace Vanilla Dairy Free Vegan Ice Cream Tub Dessert...,£3.2543p / 100ml,
ice-cream-and-ice,Oreo Mini Ice Cream Sandwich 6 x 55ml,£3.50£1.06 / 100ml,
ice-cream-and-ice,Stamford Street Co. Soft Scoop Vanilla Flavour Ice Cream 2L,£1.357p / 100ml,
ice-cream-and-ice,Sainsbury's Milk Choc Ices 8 x 70ml,£1.9034p / 100ml,
ice-cream-and-ice,Haagen-Dazs Caramel Collection Mini Frozen Dessert Ice Cream...,"£3.95with Nectar
£5.75£1.51 / 100ml",
ice-cream-and-ice,Viennetta Vanilla Ice Cream Dessert 650ml,£2.0031p / 100ml,
ice-cream-and-ice,Sainsbury's Chocolate & Nut Cones 4x110ml,£1.2528p / 100ml,
ice-cream-and-ice,Mackie's of Scotland Ice Cream Honeycomb 1L,"£2.60with Nectar
£3.6036p / 100ml",
ice-cream-and-ice,Magnum Almond Ice Cream Sticks 3x100ml,£3.50£1.17 / 100ml,
ice-cream-and-ice,Sainsbury's Caramel & Vanilla Ice Cream 900ml,"£2.25with Nectar
£2.6529p / 100ml",
ice-cream-and-ice,Sainsbury's Assorted Milk Lollies 8x35ml,£1.4050p / 100ml,
ice-cream-and-ice,Haagen-Dazs Fruit Collection Mini Frozen Dessert Ice Cream T...,"£3.95with Nectar
£5.75£1.74 / 100ml",
ice-cream-and-ice,Cadbury Flake 99 Ice Cream Cones x4 125ml,"£5.00with Nectar
£5.75£1.15 / 100ml",
ice-cream-and-ice,Cadbury Dairy Milk Ice Cream 4x90ml,"£3.50with Nectar
£4.50£1.25 / 100ml",
ice-cream-and-ice,Magnum Mint Ice Cream Sticks 3x100ml,£3.50£1.17 / 100ml,
ice-cream-and-ice,Wall's Twister Ice Lolly Mini Tropical 6 x 50ml,£2.9097p / 100ml,
ice-cream-and-ice,Bounty Chocolate & Coconut Ice Cream Bars x4 200ml,£3.00£1.50 / 100ml,
ice-cream-and-ice,Sainsbury's Vanilla Ice Cream 900ml,"£2.25with Nectar
£2.6529p / 100ml",
ice-cream-and-ice,Ben & Jerry's Chocolate Fudge Brownie Ice Cream Tub 465ml,"£3.75with Nectar
£5.55£1.19 / 100ml",
ice-cream-and-ice,Cornetto Soft Strawberry Ice Cream Cone 4x140ml,£3.7567p / 100ml,
ice-cream-and-ice,Magnum Classic Chocolate Ice Cream Sticks 3x100ml,£3.50£1.17 / 100ml,
ice-cream-and-ice,Kelly's Cornish Vanilla Dairy Ice Cream 2L,£5.2526p / 100ml,
ice-cream-and-ice,"Sainsbury's Mango & Passion Fruit Ice Lollies, Taste the Dif...",£2.5086p / 100ml,
ice-cream-and-ice,Nobbly Bobbly Strawberry & Chocolate Nobbly Ice Lolly 4x60ml,"£2.00with Nectar
£2.50£1.04 / 100ml",
ice-cream-and-ice,Little Moons Vegan Passionfruit & Mango Mochi Ice Cream Froz...,"£3.50with Nectar
£5.00£2.42 / 100ml",
ice-cream-and-ice,Cadbury Crunchie Blast Ice Cream 4x90ml,"£3.50with Nectar
£4.50£1.25 / 100ml",
ice-cream-and-ice,Cornetto Soft Cookie & Chocolate Ice Cream Cones 4x140ml,£3.7567p / 100ml,
ice-cream-and-ice,Del Monte 100% Orange Lollies 3x75ml,"£2.00with Nectar
£2.75£1.22 / 100ml",
ice-cream-and-ice,Sainsbury's Dark Choc Ices 8 x 70ml,£1.9034p / 100ml,
ice-cream-and-ice,Magnum Utopia Ice Cream Sticks Double Hazelnut 3 x 85ml,"£3.25with Nectar
£4.25£1.67 / 100ml",
ice-cream-and-ice,Sainsbury's Mini Indulgence Sticks 8x50ml,£3.7594p / 100ml,
meat-and-poultry,Birds Eye Chicken Dippers x38 697g,"£4.00with Nectar
£6.00£8.61 / kg",
meat-and-poultry,Sainsbury's Taste the Difference 8 Chunky Haddock Fillet Fis...,"£4.00with Nectar
£4.50£9.38 / kg",
meat-and-poultry,Sainsbury's Battered Chicken Dippers x44 1kg,£3.31£3.31 / kg,
meat-and-poultry,Stamford Street Co. Thick Pork Sausages x20 1kg,£1.75£1.75 / kg,
meat-and-poultry,Sainsbury's Chicken Dippers x20 450g,£1.49£3.31 / kg,
meat-and-poultry,Sainsbury's Breaded Chicken Steaks x4 380g,£1.69£4.45 / kg,
meat-and-poultry,Birds Eye Chicken Dippers x22 403g,£5.00£12.41 / kg,
meat-and-poultry,Birds Eye Chicken Quarter Pounders x2 227g,£3.25£14.32 / kg,
meat-and-poultry,Linda McCartney Mozzarella Burger x2 227g,"£2.00with Nectar
£2.50£11.01 / kg",
meat-and-poultry,Sainsbury's Chicken Breast Nuggets 450g,£1.49£3.31 / kg,
meat-and-poultry,Sainsbury's Southern Fried Chicken Steak 380g,£1.69£4.45 / kg,
meat-and-poultry,Sainsbury's Spicy Bean Burgers x4 454g,£1.55£3.41 / kg,
meat-and-poultry,Sainsbury's 5% Fat Beef Mince 500g,£5.85£11.70 / kg,
meat-and-poultry,Birds Eye Crispy Chicken Grills in Tempura Batter x2 170g,"£1.50with Nectar
£3.00£17.65 / kg",
meat-and-poultry,Sainsbury's Boston Butt Pork Shoulder Joint (Approx. 1.3kg),"£5.00with Nectar
£5.63£4.50 / kg",
meat-and-poultry,Sainsbury's British Pork Shoulder Joint (Approx. 1.45Kg),£6.20£5.00 / kg,
meat-and-poultry,Birds Eye Chicken Burgers with Golden Wholegrain x4 200g,£3.25£16.25 / kg,
meat-and-poultry,Sainsbury's Southern Fried Breaded Chicken Breast Pops 190g,98p£5.16 / kg,
meat-and-poultry,Sainsbury's British Fresh Chicken Livers 400g,£1.75£4.38 / kg,
meat-and-poultry,Birds Eye Southern Fried Chicken Grills x2 180g,"£1.50with Nectar
£3.00£16.67 / kg",
meat-and-poultry,Sainsbury's Frozen Chicken Pops 190g,99p£5.21 / kg,
meat-and-poultry,Taste Inc. Cooked Chicken Breast Strips 350g,£2.50£7.14 / kg,
meat-and-poultry,Richmond Thick Frozen Pork Sausages x20 860g,"£3.00with Nectar
£3.75£4.36 / kg",
meat-and-poultry,Sainsbury's Thick Pork Sausages x20 900g,£2.57£2.86 / kg,
meat-and-poultry,Birds Eye Hot & Spicy Chicken Grills x2 180g,"£1.50with Nectar
£3.00£16.67 / kg",
meat-and-poultry,Birds Eye Chicken Nuggets with Golden Wholegrain x24 379g,"£3.00with Nectar
£5.00£13.19 / kg",
meat-and-poultry,Sainsbury's Breaded Garlic Chicken Kyivs 490g,£2.70£5.51 / kg,
meat-and-poultry,Stamford Street Co. Frozen Breaded British Chicken Nuggets 3...,£1.10£3.44 / kg,
meat-and-poultry,Birds Eye Southern Fried Chicken Grills x4 360g,£5.25£14.58 / kg,
meat-and-poultry,Sainsbury's Beef Burgers With Onion x8 454g,£2.64£5.81 / kg,
meat-and-poultry,Birds Eye Chicken Nuggets with Golden Wholegrain x44 695g,£6.25£8.99 / kg,
meat-and-poultry,Bernard Matthews Turkey Dinosaurs x7 350g,£2.65£7.57 / kg,
meat-and-poultry,Sainsbury's British Pork Boneless Crackling Loin Joint (Appr...,£9.30£7.50 / kg,
meat-and-poultry,Stamford Street Co. British Frozen Chicken Portions 2kg,£4.00£2.00 / kg,
meat-and-poultry,Birds Eye Garlic & Herb Chicken Kievs x2 204g,£3.00£14.71 / kg,
meat-and-poultry,Mr Brain's Pork Faggots x6 656g,£1.25£1.91 / kg,
meat-and-poultry,SFC Chicken Mini Fillets 250g,"£2.00with Nectar
£2.50£10.00 / kg",
meat-and-poultry,Sainsbury's British Large Pork Crackling Loin Joint,"£10.80with Nectar
£13.50£7.50 / kg",
meat-and-poultry,Birds Eye Gluten Free Southern Fried Chicken Grills x2 180g,£3.00£16.67 / kg,
meat-and-poultry,Birds Eye Original Chicken Chargrills x2 170g,"£1.50with Nectar
£3.00£17.65 / kg",
meat-and-poultry,Sainsbury's Chicken Breast Nuggets 1kg,£3.31£3.31 / kg,
meat-and-poultry,Sainsbury's Beef Meatballs 500g,£3.75£7.50 / kg,
meat-and-poultry,Linda McCartney Quarter Pounder Burger x2 227g,"£2.00with Nectar
£2.50£11.01 / kg",
meat-and-poultry,Sainsbury's New Zealand Lamb Mince 500g,£5.25£10.50 / kg,
meat-and-poultry,Sainsbury's Beef Quarter Pounders x4 454g,£3.75£8.26 / kg,
meat-and-poultry,Sainsbury's British Pork Boneless Belly Joint (Approx. 700g),£5.25£7.50 / kg,
meat-and-poultry,Quorn Vegetarian Southern Style Burger 252g,£2.75£10.91 / kg,
meat-and-poultry,Sainsbury's Southern Fried Chicken Mini Fillets 300g,£3.25£10.83 / kg,
meat-and-poultry,Birds Eye Sweet & Sticky BBQ Chicken Chargrills x2 174g,"£1.50with Nectar
£3.00£17.24 / kg",
meat-and-poultry,Sainsbury's British Pork Small Boneless Crackling Leg Joint ...,£5.25£7.00 / kg,
meat-and-poultry,Sainsbury's Sausage Patties 342g,£3.00£8.77 / kg,
meat-and-poultry,Sainsburys British Pork Meatballs x12 360g,"£2.40with Nectar
£3.00£8.33 / kg",
meat-and-poultry,Stamford Street Co. Frozen Breaded British Chicken Burgers 4...,£1.75£3.84 / kg,
meat-and-poultry,Sainsbury's Vegetable Quarter Pounders 454g,£1.55£3.41 / kg,
meat-and-poultry,"Sainsbury's Wild Garlic Chicken Kyiv, Taste the Difference x...",£4.00£11.43 / kg,
meat-and-poultry,Stamford Street Co. Beef Burgers x8 397g,£2.25£5.67 / kg,
meat-and-poultry,Sainsbury's 12% Fat Beef Mince 800g,£8.00£10.00 / kg,
meat-and-poultry,Birds Eye Classic Beef Burgers with Onion 227g,£3.25£14.32 / kg,
meat-and-poultry,Sainsbury's Southern Fried Breaded Chicken Pops 500g,£2.50£5.00 / kg,
meat-and-poultry,Plant Pioneers Southern Fried No Chicken Burgers 227g,£1.55£6.83 / kg,
pizza-and-garlic-bread,"Crosta & Mollica Margherita Sourdough Pizza Tomato, Mozzarel...",£5.25£12.04 / kg,
pizza-and-garlic-bread,Crosta Mollica Margherita Sourdough Pizza 403g,"£4.75with Nectar
£5.25£13.03 / kg",
pizza-and-garlic-bread,Crosta Mollica Stromboli Sourdough Pizza 447g,"£4.75with Nectar
£5.25£11.74 / kg",
pizza-and-garlic-bread,Sainsbury's Thin & Crispy Four Cheese Pizza 354g,"£1.50with Nectar
£1.85£5.23 / kg",
pizza-and-garlic-bread,Sainsbury's Garlic Slices x10 260g,£1.05£4.04 / kg,
pizza-and-garlic-bread,Dr. Oetker Ristorante Mozzarella Pizza 335g,"£1.75with Nectar
£3.25£9.70 / kg",
pizza-and-garlic-bread,Sainsbury's Thin & Crispy Hawaiian Pizza 385g,"£1.50with Nectar
£1.85£4.81 / kg",
pizza-and-garlic-bread,Goodfella's Stonebaked Thin Pepperoni Pizza 332g,£3.00£9.04 / kg,
pizza-and-garlic-bread,Chicago Town Deep Dish Pepperoni Pizzas x2 (320g),"£1.25with Nectar
£2.25£7.26 / kg",
pizza-and-garlic-bread,Sainsbury's Deep Pan Pepperoni Pizza 374g,£1.34£3.58 / kg,
pizza-and-garlic-bread,Sainsbury's Garlic Baguette x2 338g,85p£2.51 / kg,
pizza-and-garlic-bread,Goodfella's Stonebaked Thin Margherita Pizza 345g,£3.00£8.70 / kg,
pizza-and-garlic-bread,Chicago Town Deep Dish Four Cheese Pizzas x2 (310g),"£1.25with Nectar
£2.25£7.60 / kg",
pizza-and-garlic-bread,Dr. Oetker Ristorante Pepperoni-Salame Pizza 320g,"£1.75with Nectar
£3.25£10.16 / kg",
pizza-and-garlic-bread,Goodfella's Takeaway Pepperoni Pizza 524g,"£2.50with Nectar
£4.50£8.59 / kg",
pizza-and-garlic-bread,Sainsbury's Deep Pan Meat Feast Pizza 379g,£1.75£4.62 / kg,
pizza-and-garlic-bread,Goodfella's Takeaway The Big Cheese Pizza 555g,"£2.50with Nectar
£4.50£8.11 / kg",
pizza-and-garlic-bread,The Northern Dough Co. Pizza Dough Original 2x220g,"£2.00with Nectar
£2.60£5.91 / kg",
pizza-and-garlic-bread,Sainsbury's Cheese & Garlic Pizza Bread 281g,£1.75£6.23 / kg,
pizza-and-garlic-bread,Chicago Town Sub Cheese & Tomato Pizzas x2 (250g),£2.00£8.00 / kg,
pizza-and-garlic-bread,Dr. Oetker Ristorante Funghi Pizza 365g,"£1.75with Nectar
£3.25£8.90 / kg",
pizza-and-garlic-bread,Sainsbury's Takeaway Stuffed Crust Four Cheese Pizza 445g,£2.95£6.63 / kg,
pizza-and-garlic-bread,Chicago Town Deep Dish Mega Meaty Pizza x2 (320g),"£1.25with Nectar
£2.25£7.17 / kg",
pizza-and-garlic-bread,Sainsbury's Spicy Chicken Pizza 388g,"£1.50with Nectar
£1.85£4.77 / kg",
pizza-and-garlic-bread,Goodfella's Deep Pan Baked Pepperoni Pizza 411g,"£1.75with Nectar
£2.50£6.08 / kg",
pizza-and-garlic-bread,Goodfella's Gluten Free Pepperoni Pizza 317g,£3.75£11.83 / kg,
pizza-and-garlic-bread,Dr. Oetker Ristorante Hawaii Pizza 355g,"£1.75with Nectar
£3.25£9.15 / kg",
pizza-and-garlic-bread,Chicago Town Takeaway Large Stuffed Pepperoni Pizza 645g,£5.00£7.75 / kg,
pizza-and-garlic-bread,Goodfella's Stonebaked Thin Chicken Pizza 365g,£3.00£8.22 / kg,
pizza-and-garlic-bread,Dr. Oetker Ristorante Gluten Free Pizza Mozzarella 370g,£3.60£9.73 / kg,
pizza-and-garlic-bread,Sainsbury's Takeaway Stuffed Crust Pepperoni Pizza 424g,£2.95£6.96 / kg,
pizza-and-garlic-bread,Sainsbury's Takeaway Fully Loaded Meat Feast Pizza 567g,£2.95£5.20 / kg,
pizza-and-garlic-bread,Chicago Town Takeaway Large Cheesy Stuffed Pepperoni Pizza 6...,"£3.75with Nectar
£5.00£7.81 / kg",
pizza-and-garlic-bread,Sainsbury's Deep Pan Cheese & Tomato Pizza 387g,£1.36£3.51 / kg,
pizza-and-garlic-bread,Goodfella's Stonebaked Thin BBQ Chicken Pizza 385g,£3.00£7.79 / kg,
pizza-and-garlic-bread,Chicago Town Takeaway Large Stuffed Cheese Pizza 630g,£5.00£7.94 / kg,
pizza-and-garlic-bread,Chicago Town Sub Meat Supreme Pizzas x2 (250g),£2.00£8.00 / kg,
pizza-and-garlic-bread,Wholecreations Dairy & Gluten Free Garlic Bread Baguette 190...,£2.00£10.53 / kg,
pizza-and-garlic-bread,Dr. Oetker Ristorante Margherita Pomodori Vegan Pizza 340g,£3.50£10.29 / kg,
pizza-and-garlic-bread,Chicago Town Takeaway Cheesy Stuffed Cheese Pizza 630g,"£3.75with Nectar
£5.00£7.94 / kg",
pizza-and-garlic-bread,Goodfella's Triple Cheese Pizza Pockets x2 250g,£2.50£10.00 / kg,
pizza-and-garlic-bread,Crosta & Mollica Stromboli Sourdough Pizza Spicy Salami & Pe...,£5.25£12.10 / kg,
pizza-and-garlic-bread,White Rabbit Gluten Free Roasted Garlic Focaccia 2 x 125g,£3.50£12.96 / kg,
pizza-and-garlic-bread,Chicago Town Tiger Crust Double Pepperoni Frozen Pizza 320g,£4.00£12.50 / kg,
pizza-and-garlic-bread,Goodfella's Mozzarella Cheese Bites 200g,£2.50£12.50 / kg,
pizza-and-garlic-bread,Dr. Oetker Ristorante Pepperoni Mozzarella Pesto 360g,"£1.75with Nectar
£3.25£9.03 / kg",
pizza-and-garlic-bread,White Rabbit Margherita Gluten Free Pizzetta 175g,"£2.00with Nectar
£2.50£14.29 / kg",
pizza-and-garlic-bread,Goodfella's Gluten Free Margherita Pizza 328g,£3.75£11.43 / kg,
pizza-and-garlic-bread,Sainsbury's Cheese & Garlic Slices x6 200g,£1.40£7.00 / kg,
pizza-and-garlic-bread,Goodfella's Pepperoni Pizza Pockets x2 250g,£2.50£10.00 / kg,
pizza-and-garlic-bread,Goodfella's Deep Pan Cheese Pizza 421g,"£1.75with Nectar
£2.50£6.00 / kg",
pizza-and-garlic-bread,Goodfella's Deep Pan Baked Spicy Chicken Sizzler Pizza 438g,"£1.75with Nectar
£2.50£5.71 / kg",
pizza-and-garlic-bread,Chicago Town Tiger Crust Cheese Pizza 305g,£4.00£13.11 / kg,
pizza-and-garlic-bread,Schär Gluten Free Pizza Margherita with Sourdough 300g,"£2.75with Nectar
£3.25£9.85 / kg",
pizza-and-garlic-bread,"Sainsbury's Spicy Salami Nduja & Hot Honey Wood Fired Pizza,...",£3.50£8.86 / kg,
pizza-and-garlic-bread,"Sainsbury's Ham Mushroom & Mascarpone Wood Fired Pizza, Tast...",£3.50£8.54 / kg,
ready-meals-pies-and-party-food,Sainsbury's Garlic Slices x10 260g,£1.05£4.04 / kg,
ready-meals-pies-and-party-food,Sainsbury's Lightly Spiced Wedges 900g,£2.00£2.22 / kg,
ready-meals-pies-and-party-food,Sainsbury's Cocktail Sausage Rolls x50 800g,£1.85£2.47 / kg,
ready-meals-pies-and-party-food,"Sainsbury's Beef Bourguignon, Taste the Difference Ready Mea...",£3.35£8.38 / kg,
ready-meals-pies-and-party-food,Sainsbury's Chicken Breast Nuggets 450g,£1.49£3.31 / kg,
ready-meals-pies-and-party-food,Sainsbury's Tempura Prawns x12 156g,£2.50£16.03 / kg,
ready-meals-pies-and-party-food,"Sainsbury's Beef Lasagne, Taste the Difference Ready Meal Fo...",£3.35£8.38 / kg,
ready-meals-pies-and-party-food,"Sainsbury's Cottage Pie, Taste the Difference Ready Meal For...",£3.35£8.38 / kg,
ready-meals-pies-and-party-food,itsu Chicken Gyoza Dinner Dumplings x12 240g,£4.25£17.71 / kg,
ready-meals-pies-and-party-food,Sainsbury's Roast Chicken Dinner Ready Meal For 1 400g,£2.60£6.50 / kg,
ready-meals-pies-and-party-food,Stamford Street Co. Spaghetti Bolognese Ready Meal For 1 400...,99p£2.48 / kg,
ready-meals-pies-and-party-food,Stamford Street Co. Macaroni Cheese Ready Meal For 1 400g,99p£2.48 / kg,
ready-meals-pies-and-party-food,Sainsbury's Sausage & Mash Ready Meal For 1 400g,"£1.75with Nectar
£2.00£5.00 / kg",
ready-meals-pies-and-party-food,"Sainsbury's Coq Au Vin, Taste the Difference Ready Meal For ...",£3.35£8.38 / kg,
ready-meals-pies-and-party-food,Young's Admirals Pie 300g,"£1.35with Nectar
£2.50£8.33 / kg",
ready-meals-pies-and-party-food,Sainsbury's Vegetable Spring Rolls x16 288g,£2.50£8.68 / kg,
ready-meals-pies-and-party-food,Stamford Street Co. Beef Lasagne Ready Meal For 1 400g,99p£2.48 / kg,
ready-meals-pies-and-party-food,Aunt Bessie's Toad in the Hole 190g,£1.90£10.00 / kg,
ready-meals-pies-and-party-food,Stamford Street Co. Chicken Hotpot Ready Meal For 1 400g,99p£2.48 / kg,
ready-meals-pies-and-party-food,Stamford Street Co. Cottage Pie Ready Meal For 1 400g,99p£2.48 / kg,
ready-meals-pies-and-party-food,Stamford Street Co. Minced Beef Hotpot Ready Meal For 1 400g,99p£2.48 / kg,
ready-meals-pies-and-party-food,Sainsbury's Mozzarella Sticks x12 180g,£2.50£13.89 / kg,
ready-meals-pies-and-party-food,Sainsbury's Scottish Wholetail Breaded Scampi 300g,£4.25£14.17 / kg,
ready-meals-pies-and-party-food,itsu Vegetable Fusion Gyoza Dinner Dumplings x20 270g,£4.25£15.74 / kg,
ready-meals-pies-and-party-food,Sainsbury's Hunter's Chicken & Potato Wedges Ready Meal For ...,"£1.75with Nectar
£2.00£5.00 / kg",
ready-meals-pies-and-party-food,Sainsbury's Roast Beef Dinner Ready Meal For 1 400g,£2.60£6.50 / kg,
ready-meals-pies-and-party-food,Birds Eye Shortcrust Chicken Pies x4 620g,£4.3570p / 100g,
ready-meals-pies-and-party-food,Bisto Classic Cottage Pie Ready Meal For 1 375g,£1.75£4.67 / kg,
ready-meals-pies-and-party-food,Sainsbury's Steak Bakes x2 280g,£1.1541p / 100g,
ready-meals-pies-and-party-food,Sainsbury's Sweet & Sour Chicken & Rice Ready Meal For 1 400...,"£1.75with Nectar
£2.00£5.00 / kg",
ready-meals-pies-and-party-food,Sainsbury's Liver & Bacon Dinner Ready Meal For 1 400g,£2.60£6.50 / kg,
ready-meals-pies-and-party-food,Stamford Street Co. Chicken Curry with Rice Ready Meal For 1...,99p£2.48 / kg,
ready-meals-pies-and-party-food,Sainsbury's Blackforest Gateau 375g,£1.7547p / 100g,
ready-meals-pies-and-party-food,itsu Sizzling Pork Gyoza Dinner Dumplings x12 240g,£4.25£17.71 / kg,
ready-meals-pies-and-party-food,Sainsbury's Steak Pies x4 568g,£1.9935p / 100g,
ready-meals-pies-and-party-food,Mr Brain's Pork Faggots x6 656g,£1.25£1.91 / kg,
ready-meals-pies-and-party-food,Sainsbury’s Beef Lasagne Ready Meal For 1 400g,"£1.75with Nectar
£2.00£5.00 / kg",
ready-meals-pies-and-party-food,Birds Eye Inspirations Spanish Paella With Chicken & Prawns ...,£3.15£9.00 / kg,
ready-meals-pies-and-party-food,Sainsbury's Breaded Chicken Goujons 190g,£2.00£10.53 / kg,
ready-meals-pies-and-party-food,Sainsbury's Chicken Hotpot Dinner Ready Meal For 1 400g,£2.60£6.50 / kg,
ready-meals-pies-and-party-food,Young's Salmon Fillet Dinner 380g,"£2.80with Nectar
£3.50£9.21 / kg",
ready-meals-pies-and-party-food,Sainsbury's Chilli Con Carne & White Rice Ready Meal For 1 4...,"£1.75with Nectar
£2.00£5.00 / kg",
ready-meals-pies-and-party-food,Sainsbury's Chicken Breast Nuggets 1kg,£3.31£3.31 / kg,
ready-meals-pies-and-party-food,Sainsbury's Roast Lamb Dinner Ready Meal For 1 400g,£2.60£6.50 / kg,
ready-meals-pies-and-party-food,Plant Pioneers Vegetable Fingers x16 452g,£1.55£3.43 / kg,
ready-meals-pies-and-party-food,Birds Eye Battered Cod Chips & Peas 395g,£3.50£8.86 / kg,
ready-meals-pies-and-party-food,Stamford Street Co. Cheese & Tomato Pasta 400g,99p£2.48 / kg,
ready-meals-pies-and-party-food,Sainsbury's Creamy Chicken Bakes x2 280g,£1.0538p / 100g,
ready-meals-pies-and-party-food,Sainsbury's Satay Style Chicken Breast Skewers x10 180g,£2.50£13.89 / kg,
ready-meals-pies-and-party-food,Plant Pioneers Vegan Meat Free Lasagne 400g,£2.00£5.00 / kg,
ready-meals-pies-and-party-food,Sainsbury's Lincolnshire Mini Sausage Rolls x40 800g,"£2.00with Nectar
£2.50£3.29 / kg",
ready-meals-pies-and-party-food,"Sainsbury's Chicken, Gravy & Vegetable Pie x4 568g",£1.9935p / 100g,
ready-meals-pies-and-party-food,Sainsbury's Chicken Chow Mein Ready Meal For 1 400g,"£1.75with Nectar
£2.00£5.00 / kg",
ready-meals-pies-and-party-food,itsu Chicken Soup Dumplings 168g,£3.00£17.86 / kg,
ready-meals-pies-and-party-food,Sainsbury's Mushroom & Spinach Crispbakes x2 240g,£1.75£7.29 / kg,
ready-meals-pies-and-party-food,Linda McCartney Deep Dish Country Pie x2 380g,£2.80£7.37 / kg,
ready-meals-pies-and-party-food,Sainsbury's Pigs in Blankets x20 400g,£4.50£11.25 / kg,
ready-meals-pies-and-party-food,Sainsbury's Pork Cocktail Sausages x56 672g,£3.60£5.36 / kg,
ready-meals-pies-and-party-food,Sainsbury's Duck Spring Rolls 10 200g,£2.50£12.50 / kg,
ready-meals-pies-and-party-food,Birds Eye Steamfresh Creamy Cheese Vegetable Penne Pasta Mea...,£3.50£8.75 / kg,
vegan,Crosta Mollica Sourdough Pizza Base 2 x 270g,£4.95£9.17 / kg,
vegan,Mccain Naked Oven Chips Straight 900g,£2.00£2.22 / kg,
vegan,Birds Eye Steamfresh Family Favourites Steam Bags x4 540g,£2.75£5.09 / kg,
vegan,Swedish Glace Vanilla Dairy Free Vegan Ice Cream Tub Dessert...,£3.2543p / 100ml,
vegan,The Northern Dough Co. Pizza Dough Original 2x220g,"£2.00with Nectar
£2.60£5.91 / kg",
vegan,Plant Pioneers Meat Free Mince 500g,£1.86£3.72 / kg,
vegan,Aunt Bessie's Crispy & Fluffy Homestyle Chips 800g,£3.90£4.88 / kg,
vegan,Plant Pioneers Meat Free Meatballs 380g,£1.42£3.74 / kg,
vegan,Mccain Naked Oven Chips Straight 1.7kg,£3.70£2.18 / kg,
vegan,Sainsbury's Vegetable Spring Rolls x16 288g,£2.50£8.68 / kg,
vegan,Birds Eye The Original Alphabites 456g,£2.75£6.03 / kg,
vegan,Richmond Vegan & Vegetarian Meat Free Frozen Sausages x8 304...,£2.15£7.07 / kg,
vegan,itsu Vegetable Fusion Gyoza Dinner Dumplings x20 270g,£4.25£15.74 / kg,
vegan,Little Moons Vegan Passionfruit & Mango Mochi Ice Cream Froz...,"£3.50with Nectar
£5.00£2.42 / 100ml",
vegan,Del Monte 100% Orange Lollies 3x75ml,"£2.00with Nectar
£2.75£1.22 / 100ml",
vegan,LEON Waffle Fries 550g,£2.85£5.18 / kg,
vegan,Plant Pioneer No Pork Sausage Rolls 400g,99p£2.48 / kg,
vegan,This Isn't Chicken Plant-Based Pieces 250g,"£1.95with Nectar
£3.00£12.00 / kg",
vegan,Linda McCartney Rosemary Vegetarian Sausages x6 270g,£2.50£9.26 / kg,
vegan,Linda McCartney Vegetarian Sausages x6 270g,£2.50£9.26 / kg,
vegan,Birds Eye Potato Waffles Fries 500g,"£2.00with Nectar
£2.80£5.60 / kg",
vegan,Linda McCartney Quarter Pounder Burger x2 227g,"£2.00with Nectar
£2.50£11.01 / kg",
vegan,Linda McCartney's Vegetarian Lincolnshire Sausages x6 270g,"£2.25with Nectar
£2.50£9.26 / kg",
vegan,Cornetto Vegan & Gluten Free Ice Cream Cones 4x90ml,£3.5097p / 100ml,
vegan,Linda McCartney's 10 Vegetarian Sausages 450g,£3.00£6.67 / kg,
vegan,This Isn't Pork Sausages 270g,"£1.95with Nectar
£3.00£11.11 / kg",
vegan,Linda Mccartney Vegetarian Mince 500g,"£2.80with Nectar
£3.30£6.60 / kg",
vegan,Beyond Meat Burger Plant Based Patties x2 226g,£4.00£17.70 / kg,
vegan,Dr. Oetker Ristorante Margherita Pomodori Vegan Pizza 340g,£3.50£10.29 / kg,
vegan,Plant Pioneers Vegan Meat Free Lasagne 400g,£2.00£5.00 / kg,
vegan,Plant Pioneers Southern Fried No Chicken Burgers 227g,£1.55£6.83 / kg,
vegan,Linda McCartney Deep Dish Country Pie x2 380g,£2.80£7.37 / kg,
vegan,Strong Roots Sweet Potato Hash Brown 350g,£3.30£9.43 / kg,
vegan,Plant Pioneers No Chicken Kyivs x2 280g,£1.99£7.11 / kg,
vegan,Quorn Vegan Pieces 280g,"£2.00with Nectar
£2.65£9.46 / kg",
vegan,Sainsbury's Free From Choc Sticks 4 x 76g,£3.2574p / 100ml,
vegan,Quorn Roarsomes Crunchy Dinosaurs 240g,"£2.00with Nectar
£2.75£11.46 / kg",
vegan,Birds Eye Steamfresh Golden Rice Steam Bags x2 380g,£2.75£7.24 / kg,
vegan,Linda McCartney Sausage Roll x6 342g,£3.00£8.77 / kg,
vegan,LEON Waffle Fries with Garlic & Herb 550g,"£2.25with Nectar
£2.85£5.18 / kg",
vegan,Richmond Vegan & Vegetarian Frozen Chargrilled No Chicken Pi...,"£2.50with Nectar
£3.00£13.64 / kg",
vegan,Birds Eye Green Cuisine Vegan Fishless Fingers x12 336g,£3.00£8.93 / kg,
vegan,Plant Pioneers No Beef Burgers x8 454g,£2.25£4.96 / kg,
vegan,Sainsbury's Free From Strawberry & Vanilla Cones 4 x 120ml,£3.2568p / 100ml,
vegan,Birds Eye Steamfresh Garden Mix Steam Bags x4 540g,£2.75£5.09 / kg,
vegan,"Sainsbury's Love Your Veg! Quinoa, Sweet Potato & Lentil Bur...",£2.15£6.14 / kg,
vegan,Aunt Bessie's Rustically Made Roast Potato Chips 750g,£3.75£5.00 / kg,
vegan,Plant Pioneers Katsu Style No Chicken Fillets x2 240g,£1.79£7.46 / kg,
vegan,Linda McCartney's Vegetarian Tomato & Basil Meatballs 292g,£2.50£8.56 / kg,
vegan,Linda McCartney Vegetarian Shredded Hoisin Duck 300g,£2.75£9.17 / kg,
vegan,Birds Eye Potato Dipper Chips 500g,£2.80£5.60 / kg,
vegan,"Good Life Falafel with Chickpea, Cumin & Coriander x14 280g",£2.75£9.82 / kg,
vegan,Ramona's Original Falafel 500g,£3.75£7.50 / kg,
vegan,Pret Sweet Greens Smoothie Mix 400g,£3.75£9.38 / kg,
vegan,Strong Roots Cauliflower Hash Browns 375g,£3.30£8.80 / kg,
vegan,Fry's Plant Based Original Hot Dogs x8 360g,"£1.75with Nectar
£3.00£8.33 / kg",
vegan,Quorn Takeaway Crunchy Fillet Burgers 190g,£3.15£16.58 / kg,
vegan,Sainsbury's Vegetable Bao Buns 200g,£2.00£10.00 / kg,
vegan,Rowntree's Fruit Push Up Strawberry & Tropical 4x90ml,£2.5069p / 100ml,
vegetarian-and-meat-free,Quorn Vegetarian Chicken Style Nuggets 300g,"£1.75with Nectar
£2.65£8.83 / kg",
vegetarian-and-meat-free,Quorn Vegetarian Mince 300g,"£1.50with Nectar
£2.65£8.83 / kg",
vegetarian-and-meat-free,Quorn Vegetarian Chicken Style Pieces 300g,"£1.50with Nectar
£2.65£8.83 / kg",
vegetarian-and-meat-free,Linda McCartney Mozzarella Burger x2 227g,"£2.00with Nectar
£2.50£11.01 / kg",
vegetarian-and-meat-free,Quorn Vegetarian Mince Family Pack 500g,£2.95£5.90 / kg,
vegetarian-and-meat-free,Sainsbury's Spicy Bean Burgers x4 454g,£1.55£3.41 / kg,
vegetarian-and-meat-free,Quorn Vegetarian Chicken Style Pieces 500g,£2.95£5.90 / kg,
vegetarian-and-meat-free,Plant Pioneers Meat Free Mince 500g,£1.86£3.72 / kg,
vegetarian-and-meat-free,Quorn Vegetarian Sausages 504g,£2.95£5.85 / kg,
vegetarian-and-meat-free,Plant Pioneers Meat Free Meatballs 380g,£1.42£3.74 / kg,
vegetarian-and-meat-free,Quorn Vegetarian Chicken Style Nuggets 475g,£2.95£6.20 / kg,
vegetarian-and-meat-free,Richmond Vegan & Vegetarian Meat Free Frozen Sausages x8 304...,£2.15£7.07 / kg,
vegetarian-and-meat-free,Quorn Vegetarian Swedish Style Balls 300g,"£2.00with Nectar
£2.65£8.83 / kg",
vegetarian-and-meat-free,Sainsbury's Cauliflower Cheese Grills x4 397g,£2.15£5.42 / kg,
vegetarian-and-meat-free,Plant Pioneer No Pork Sausage Rolls 400g,99p£2.48 / kg,
vegetarian-and-meat-free,This Isn't Chicken Plant-Based Pieces 250g,"£1.95with Nectar
£3.00£12.00 / kg",
vegetarian-and-meat-free,Quorn Vegetarian Southern Style Bites 300g,£2.65£8.83 / kg,
vegetarian-and-meat-free,Linda McCartney Rosemary Vegetarian Sausages x6 270g,£2.50£9.26 / kg,
vegetarian-and-meat-free,Linda McCartney Vegetarian Sausages x6 270g,£2.50£9.26 / kg,
vegetarian-and-meat-free,Quorn Vegetarian Cheese & Broccoli Escalope x2 240g,£2.85£11.88 / kg,
vegetarian-and-meat-free,Linda McCartney Quarter Pounder Burger x2 227g,"£2.00with Nectar
£2.50£11.01 / kg",
vegetarian-and-meat-free,Linda McCartney's Vegetarian Lincolnshire Sausages x6 270g,"£2.25with Nectar
£2.50£9.26 / kg",
vegetarian-and-meat-free,Quorn Vegetarian Southern Style Burger 252g,£2.75£10.91 / kg,
vegetarian-and-meat-free,Plant Pioneers Vegetable Fingers x16 452g,£1.55£3.43 / kg,
vegetarian-and-meat-free,Birds Eye Green Cuisine Vegan Veggie Fingers x10 284g,£2.00£7.04 / kg,
vegetarian-and-meat-free,Linda McCartney's 10 Vegetarian Sausages 450g,£3.00£6.67 / kg,
vegetarian-and-meat-free,This Isn't Pork Sausages 270g,"£1.95with Nectar
£3.00£11.11 / kg",
vegetarian-and-meat-free,Plant Pioneers Ultimate Plant Burgers x2 210g,£2.30£10.95 / kg,
vegetarian-and-meat-free,Linda Mccartney Vegetarian Mince 500g,"£2.80with Nectar
£3.30£6.60 / kg",
vegetarian-and-meat-free,Beyond Meat Burger Plant Based Patties x2 226g,£4.00£17.70 / kg,
vegetarian-and-meat-free,Sainsbury's Vegetable Quarter Pounders 454g,£1.55£3.41 / kg,
vegetarian-and-meat-free,Dr. Oetker Ristorante Margherita Pomodori Vegan Pizza 340g,£3.50£10.29 / kg,
vegetarian-and-meat-free,Plant Pioneers Vegan Meat Free Lasagne 400g,£2.00£5.00 / kg,
vegetarian-and-meat-free,Sainsbury's Mushroom & Spinach Crispbakes x2 240g,£1.75£7.29 / kg,
vegetarian-and-meat-free,Plant Pioneers Southern Fried No Chicken Burgers 227g,£1.55£6.83 / kg,
vegetarian-and-meat-free,Linda McCartney Deep Dish Country Pie x2 380g,£2.80£7.37 / kg,
vegetarian-and-meat-free,Strong Roots Sweet Potato Hash Brown 350g,£3.30£9.43 / kg,
vegetarian-and-meat-free,Quorn Vegetarian Steak Style Pies 400g,£2.75£6.88 / kg,
vegetarian-and-meat-free,Quorn Vegetarian Chicken Style Fillets 312g,£2.65£8.49 / kg,
vegetarian-and-meat-free,Quorn Vegetarian Garlic & Mushroom Escalope x2 240g,£2.85£11.88 / kg,
vegetarian-and-meat-free,Plant Pioneers No Chicken Kyivs x2 280g,£1.99£7.11 / kg,
vegetarian-and-meat-free,Quorn Vegan Pieces 280g,"£2.00with Nectar
£2.65£9.46 / kg",
vegetarian-and-meat-free,Quorn Takeaway Salt & Pepper Tenders 240g,£2.85£11.88 / kg,
vegetarian-and-meat-free,Quorn Vegetarian Chicken Style Crispy Fillets 200g,£2.75£13.75 / kg,
vegetarian-and-meat-free,Quorn Vegetarian Family Roast 454g,£3.95£8.70 / kg,
vegetarian-and-meat-free,Quorn Roarsomes Crunchy Dinosaurs 240g,"£2.00with Nectar
£2.75£11.46 / kg",
vegetarian-and-meat-free,Plant Pioneers Sweet Potato & Avocado Burgers 227g,£1.69£7.44 / kg,
vegetarian-and-meat-free,Linda McCartney Sausage Roll x6 342g,£3.00£8.77 / kg,
vegetarian-and-meat-free,Strong Roots the Pumpkin & Spinach Burger x4 300g,£3.30£11.00 / kg,
vegetarian-and-meat-free,Birds Eye Green Cuisine Vegan Chicken Free Dippers 220g,"£2.00with Nectar
£3.00£13.64 / kg",
vegetarian-and-meat-free,Quorn Vegetarian Sausages 336g,£2.65£7.89 / kg,
vegetarian-and-meat-free,Richmond Vegan & Vegetarian Frozen Chargrilled No Chicken Pi...,"£2.50with Nectar
£3.00£13.64 / kg",
vegetarian-and-meat-free,Birds Eye Green Cuisine Vegan Fishless Fingers x12 336g,£3.00£8.93 / kg,
vegetarian-and-meat-free,Aunt Bessie's Meat Free Toad in the Hole 190g,£2.25£11.84 / kg,
vegetarian-and-meat-free,Plant Pioneers Meat Free Chicken-Style Pieces 300g,£2.25£7.50 / kg,
vegetarian-and-meat-free,Plant Pioneers No Beef Burgers x8 454g,£2.25£4.96 / kg,
vegetarian-and-meat-free,VFC Original Recipe Crispy Chicken Tenders 200g,"£2.50with Nectar
£3.00£15.00 / kg",
vegetarian-and-meat-free,"Sainsbury's Love Your Veg! Quinoa, Sweet Potato & Lentil Bur...",£2.15£6.14 / kg,
vegetarian-and-meat-free,Plant Pioneers Katsu Style No Chicken Fillets x2 240g,£1.79£7.46 / kg,
vegetarian-and-meat-free,Linda McCartney's Vegetarian Tomato & Basil Meatballs 292g,£2.50£8.56 / kg,
tea-coffee-and-hot-drinks,PG Tips Original Black Tea Bags x80,"£2.50with Nectar
£3.00£1.29 / 100g",
tea-coffee-and-hot-drinks,Nescafe Cappuccino Instant Coffee Sachets x7 108.5g,"£1.50with Nectar
£2.35£2.17 / 100g",
tea-coffee-and-hot-drinks,PG Tips Decaf Black Decaffeinated Tea Bags x70,"£2.50with Nectar
£3.00£1.48 / 100g",
tea-coffee-and-hot-drinks,Nescafé Azera Americano Instant Coffee 90g,"£4.00with Nectar
£7.25£8.06 / 100g",
tea-coffee-and-hot-drinks,Sainsbury's Gold Roast Instant Coffee 200g,£2.69£1.35 / 100g,
tea-coffee-and-hot-drinks,Yorkshire Tea Tea Bags x160,£7.00£1.40 / 100g,
tea-coffee-and-hot-drinks,Sainsbury’s Red Label Fairtrade Decaf Tea Bags x80 250g,£1.6566p / 100g,
tea-coffee-and-hot-drinks,Yorkshire Tea Tea Bags x80,"£3.30with Nectar
£3.75£1.50 / 100g",
tea-coffee-and-hot-drinks,Yorkshire Tea Bags x240,"£6.50with Nectar
£8.50£1.13 / 100g",
tea-coffee-and-hot-drinks,Nescafe Gold Blend Instant Coffee Refill 150g,"£5.00with Nectar
£5.80£3.87 / 100g",
tea-coffee-and-hot-drinks,Sainsbury's Red Label Fairtrade Tea Bags x240 750g,£3.2043p / 100g,
tea-coffee-and-hot-drinks,Yorkshire Tea Decaf Tea Bags x80,£4.20£1.68 / 100g,
tea-coffee-and-hot-drinks,Sainsbury's Red Label Fairtrade Tea Bags x80 250g,£1.2550p / 100g,
tea-coffee-and-hot-drinks,Coffee Mate Original Coffee Whitener 325g,"£3.30with Nectar
£3.85£1.18 / 100g",
tea-coffee-and-hot-drinks,Nescafé Azera Americano Decaff Instant Coffee 90g,"£4.00with Nectar
£7.25£8.06 / 100g",
tea-coffee-and-hot-drinks,"Sainsbury's Fairtrade Italian Style Coffee, Strength 4 227g",£3.30£1.45 / 100g,
tea-coffee-and-hot-drinks,Anchor Original Real Cream Spray 250g,"£2.00with Nectar
£2.3594p / 100g",
tea-coffee-and-hot-drinks,Nescafe Cappuccino Instant Coffee Sachets 12x15.5g,£2.50£1.34 / 100g,
tea-coffee-and-hot-drinks,Kenco Latte Instant Coffee Sachets 130.4g,£2.00£1.53 / 100g,
tea-coffee-and-hot-drinks,"Tetley Everyday Tea Bags, Softpack x240",£6.1081p / 100g,
tea-coffee-and-hot-drinks,Cadbury Original Drinking Hot Chocolate 500g,£4.5090p / 100g,
tea-coffee-and-hot-drinks,Sainsbury's Infusions Peppermint Tea Bags x20,95p£2.38 / 100g,
tea-coffee-and-hot-drinks,Taylors of Harrogate Rich Italian Roast Ground Coffee 200g,"£4.00with Nectar
£5.25£2.63 / 100g",
tea-coffee-and-hot-drinks,Nescafe Caramel Latte Instant Coffee Sachets x7 119g,"£1.50with Nectar
£2.35£1.97 / 100g",
tea-coffee-and-hot-drinks,"Sainsbury's Colombian Origin Instant Coffee, Taste the Diffe...",£3.00£3.00 / 100g,
tea-coffee-and-hot-drinks,Lavazza Qualita Rossa Ground Coffee 2x250g,"£8.50with Nectar
£11.50£2.30 / 100g",
tea-coffee-and-hot-drinks,Twinings English Breakfast Plant Based Tea Bags x80 200g,"£2.90with Nectar
£4.80£2.40 / 100g",
tea-coffee-and-hot-drinks,Clipper Organic Everyday Tea Bags x80,£3.75£1.62 / 100g,
tea-coffee-and-hot-drinks,Sainsbury's Red Label Fairtrade Tea Bags x160 500g,£2.3046p / 100g,
tea-coffee-and-hot-drinks,Sainsbury's Gold Roast Decaffeinated Instant Coffee Granules...,£2.75£1.38 / 100g,
tea-coffee-and-hot-drinks,Taylors of Harrogate Lazy Sunday Roast Ground Coffee 200g,"£4.00with Nectar
£5.25£2.63 / 100g",
tea-coffee-and-hot-drinks,Nescafe Gold Blend Instant Coffee 190g,£8.35£4.39 / 100g,
tea-coffee-and-hot-drinks,Nescafé Gold Alta Rica Instant Coffee 190g,"£7.45with Nectar
£9.40£4.95 / 100g",
tea-coffee-and-hot-drinks,Pukka Organic Three Mint Tea With Peppermint Home Compostabl...,£4.75£14.84 / 100g,
tea-coffee-and-hot-drinks,Nescafé Original Instant Coffee 300g,£7.75£2.58 / 100g,
tea-coffee-and-hot-drinks,Nescafe Cappuccino Unsweetened Instant Coffee Sachets x7 99....,"£1.50with Nectar
£2.35£2.36 / 100g",
tea-coffee-and-hot-drinks,Nescafe Cappuccino Decaf Unsweetened Instant Coffee Sachets ...,"£1.50with Nectar
£2.35£2.24 / 100g",
tea-coffee-and-hot-drinks,"Sainsbury's Fairtrade House Blend Original Coffee, Strength ...",£3.30£1.45 / 100g,
tea-coffee-and-hot-drinks,Nescafe Gold Blend Smooth Instant Coffee 190g,"£6.75with Nectar
£8.35£4.39 / 100g",
tea-coffee-and-hot-drinks,Pukka Organic Night Time Herbal Tea With Chamomile Home Comp...,£4.75£23.75 / 100g,
tea-coffee-and-hot-drinks,Sainsbury's Marshmallows 400g,£2.5063p / 100g,
tea-coffee-and-hot-drinks,"Sainsbury's Fairtrade Colombian Coffee Strength 3, Taste the...",£4.00£1.76 / 100g,
tea-coffee-and-hot-drinks,Kenco Cappuccino Instant Coffee x8 Sachets,£2.00£1.69 / 100g,
tea-coffee-and-hot-drinks,"Tetley Everyday Tea Bags, Softpack x80",£3.15£1.26 / 100g,
tea-coffee-and-hot-drinks,Nescafe Azera Americano Intense Instant Coffee 90g,"£4.00with Nectar
£7.25£8.06 / 100g",
tea-coffee-and-hot-drinks,Sainsbury's English Breakfast Tea Bags Taste the Difference ...,£2.2088p / 100g,
tea-coffee-and-hot-drinks,Twinings the Earl Grey Plant Based Tea Bags x80 200g,£4.80£2.40 / 100g,
tea-coffee-and-hot-drinks,Sainsbury's Cocoa 250g,£3.35£1.34 / 100g,
tea-coffee-and-hot-drinks,Kenco Decaff Instant Coffee Refill 150g,£5.25£3.50 / 100g,
tea-coffee-and-hot-drinks,Arctic Coffee Caffe Latte 1L,£2.2022p / 100ml,
tea-coffee-and-hot-drinks,Cafedirect 4 Organic Machu Picchu Ground Coffee 200g,"£4.75with Nectar
£5.95£2.98 / 100g",
tea-coffee-and-hot-drinks,Sainsbury's Gold Roast Instant Coffee 500g,£6.75£1.35 / 100g,
tea-coffee-and-hot-drinks,Yorkshire Gold Tea Bags x80,£4.30£1.72 / 100g,
tea-coffee-and-hot-drinks,Sainsbury's Rich Roast Instant Coffee 200g,£2.35£1.18 / 100g,
tea-coffee-and-hot-drinks,Tetley Everyday Tea Bags Decaffeinated x160,£6.35£1.27 / 100g,
tea-coffee-and-hot-drinks,Yorkshire Tea Decaf Tea Bags x160,"£6.50with Nectar
£7.50£1.50 / 100g",
tea-coffee-and-hot-drinks,Cadbury Hot Chocolate Instant Jar 300g,£4.00£1.33 / 100g,
tea-coffee-and-hot-drinks,"Sainsbury's Strawberry, Raspberry & Cranberry Tea Bags x20",95p£2.38 / 100g,
tea-coffee-and-hot-drinks,Sainsbury's Infusions Peppermint Tea Bags x80,£2.90£1.81 / 100g,
tea-coffee-and-hot-drinks,Starbucks Pumpkin Spice Latte Instant Coffee Sachets 4 x 24g,"£1.50with Nectar
£2.15£2.24 / 100g",
squash-and-cordials,Robinsons Double Strength No Added Sugar Squash Apple & Blac...,"£2.50with Nectar
£3.5520p / 100ml",
squash-and-cordials,Robinsons Double Strength No Added Sugar Squash Orange 1.75L,"£2.50with Nectar
£3.5520p / 100ml",
squash-and-cordials,Robinsons Double Strength No Added Sugar Squash Orange & Pin...,"£2.50with Nectar
£3.5520p / 100ml",
squash-and-cordials,Sainsbury's Quadruple Strength Apple & Blackcurrant Squash 1...,£1.8512p / 100ml,
squash-and-cordials,Robinsons Orange Squash No Added Sugar 1L,£2.0020p / 100ml,
squash-and-cordials,Sainsbury's Quadruple Strength Orange & Mango Squash 1.5L,£1.8512p / 100ml,
squash-and-cordials,Robinsons Apple & Blackcurrant Squash No Added Sugar 1L,£2.0020p / 100ml,
squash-and-cordials,Stamford Street Co. Double Strength Apple & Blackcurrant Squ...,49p7p / 100ml,
squash-and-cordials,Vimto No Added Sugar Real Fruit Squash 2L,£3.0015p / 100ml,
squash-and-cordials,Sainsbury's Quadruple Strength Summer Fruits Squash 1.5L,£1.8512p / 100ml,
squash-and-cordials,Stamford Street Co. Double Strength Orange Squash 750ml,49p7p / 100ml,
squash-and-cordials,Robinsons Summer Fruits Squash No Added Sugar 1L,£2.0020p / 100ml,
squash-and-cordials,Sainsbury's Quadruple Strength Cherries & Berries Squash 1.5...,£1.8512p / 100ml,
squash-and-cordials,Sainsbury's Quadruple Strength Orange Squash 1.5L,£1.8512p / 100ml,
squash-and-cordials,Robinsons Fruit Creations Zesty Orange & Mango Squash 1L,£2.5025p / 100ml,
squash-and-cordials,Ribena Blackcurrant Squash No Added Sugar 850ml,£2.2526p / 100ml,
squash-and-cordials,Robinsons Double Strength Apple & Blackcurrant Fruit Squash ...,£2.5033p / 100ml,
squash-and-cordials,Robinsons Double Strength Orange Fruit Squash 750ml,£2.5033p / 100ml,
squash-and-cordials,Ribena Squash Blackcurrant 1.5L,£3.0020p / 100ml,
squash-and-cordials,Robinsons Fruit & Barley Apple & Pear Squash No Added Sugar ...,£2.2022p / 100ml,
squash-and-cordials,Robinsons Lemon Squash No Added Sugar 1L,£2.0020p / 100ml,
squash-and-cordials,Robinsons Fruit Creations Delicious Peach & Raspberry Squash...,£2.5025p / 100ml,
squash-and-cordials,Robinsons Crushed Lime & Mint Fruit Cordial 500ml,£3.3066p / 100ml,
squash-and-cordials,Robinsons Fruit & Barley Peach Squash No Added Sugar 1L,£2.2022p / 100ml,
squash-and-cordials,"Sainsbury's Quadruple Strength Orange, Lemon & Pineapple Squ...",£1.8512p / 100ml,
squash-and-cordials,Robinsons Fruit & Barley Summer Fruits Squash No Added Sugar...,£2.2022p / 100ml,
squash-and-cordials,Ribena Blackcurrant Squash 850ml,£2.2526p / 100ml,
squash-and-cordials,Ribena Blackcurrant Squash No Added Sugar 1.5L,£3.0020p / 100ml,
squash-and-cordials,J2O Orange & Passion Fruit Cans 4x250ml,£3.2533p / 100ml,
squash-and-cordials,Vimto Real Fruit Squash 2L,£3.0015p / 100ml,
squash-and-cordials,Lipton Ice Tea Peach Flavoured Still Soft Drink 1.25L,£2.2518p / 100ml,
squash-and-cordials,J2O Apple & Raspberry Cans 4x250ml,£3.2533p / 100ml,
squash-and-cordials,Rose's Lime Juice Cordial 1L,£2.8028p / 100ml,
squash-and-cordials,Sainsbury's Apple & Mango High Juice Squash 1L,£1.9019p / 100ml,
squash-and-cordials,Sainsbury's Quadruple Strength Lemon Squash 1.5L,£1.8512p / 100ml,
squash-and-cordials,Bottlegreen Elderflower Cordial 500ml,£4.5090p / 100ml,
squash-and-cordials,"Sainsbury's Apple High Juice Squash, No Added Sugar 1L",£1.8018p / 100ml,
squash-and-cordials,Vimto Original Real Fruit Squash Blackcurrant Grape & Raspbe...,"£1.25with Nectar
£2.0020p / 100ml",
squash-and-cordials,Belvoir Farm Elderflower Cordial 500ml,"£3.50with Nectar
£4.2585p / 100ml",
squash-and-cordials,"Sainsbury's English Elderflower Cordial, Taste the Differenc...",£2.9559p / 100ml,
squash-and-cordials,"Sainsbury's High Juice Orange Squash, No Added Sugar 1L",£2.1522p / 100ml,
squash-and-cordials,Belvoir Farm Ginger Cordial 500ml,"£3.50with Nectar
£4.2585p / 100ml",
squash-and-cordials,Sainsbury's Quadruple Strength Blackcurrant Squash 1.5L,£1.8512p / 100ml,
squash-and-cordials,"Sainsbury's High Juice Squash White Grape & Peach, No added ...",£1.9019p / 100ml,
squash-and-cordials,Sainsbury's Lime Cordial No Added Sugar 1L,£1.3514p / 100ml,
squash-and-cordials,Robinsons Fruit & Barley Orange Squash No Added Sugar 1L,£2.2022p / 100ml,
squash-and-cordials,Lipton Ice Tea Lemon Flavoured Still Soft Drink 1.25L,£2.2518p / 100ml,
squash-and-cordials,Robinsons Double Strength Orange & Pineapple Fruit Squash 75...,£2.5033p / 100ml,
squash-and-cordials,Sainsbury's Fruit Blends Mango Passionfruit & Peach Squash 1...,£1.4014p / 100ml,
squash-and-cordials,"Robinsons Fruit Creations Exotic Pineapple, Mango & Passion ...",£2.5025p / 100ml,
squash-and-cordials,Robinsons Fruit Creations Apple & Rhubarb 1L,£2.5025p / 100ml,
squash-and-cordials,Robinsons Fruit Creations Lemon & Raspberry Squash 1L,£2.5025p / 100ml,
squash-and-cordials,Robinsons Mini Apple & Blackcurrant On the Go Squash 66ml,£2.75£4.17 / 100ml,
squash-and-cordials,Capri-Sun Double Strength Orange No Added Sugar Multivitamin...,"£1.25with Nectar
£2.0020p / 100ml",
squash-and-cordials,Rocks Juicy Oranges Whole Fruit Squash 740ml,£3.6049p / 100ml,
squash-and-cordials,Robinsons Double Strength Summer Fruits Squash 750ml,£2.5033p / 100ml,
squash-and-cordials,Sainsbury's Fruit Blends Cherry Plum & Rasbperry Squash 1L,£1.4014p / 100ml,
squash-and-cordials,Sainsbury's Fruit and Barley Peach No added Sugar 1L,£1.2513p / 100ml,
squash-and-cordials,Robinsons Barley Water Lemon Squash 850ml,£2.7032p / 100ml,
squash-and-cordials,Robinsons Double Strength Summer Fruits No Added Sugar Fruit...,"£2.50with Nectar
£3.5520p / 100ml",
fizzy-drinks,San Pellegrino Orange 4 x 330ml,£3.5027p / 100ml,
fizzy-drinks,San Pellegrino Lemon 4 x 330ml,£3.5027p / 100ml,
fizzy-drinks,Fanta Orange 18x330ml,"£7.50with Nectar
£8.5014p / 100ml",
fizzy-drinks,Coca-Cola Zero Sugar 24x330ml,£12.0015p / 100ml,
fizzy-drinks,Sainsbury's Diet Lemonade 2L,60p3p / 100ml,
fizzy-drinks,Diet Coke 24x330ml,"£8.00with Nectar
£12.0015p / 100ml",
fizzy-drinks,Pepsi Max No Sugar Cola Bottle 2L,£2.3512p / 100ml,
fizzy-drinks,Coca-Cola Original Taste 8x330ml,£5.6521p / 100ml,
fizzy-drinks,Pepsi Max No Sugar Cola Cans 24x330ml,"£8.50with Nectar
£11.5015p / 100ml",
fizzy-drinks,Diet Coke 18 x 330ml,£9.5016p / 100ml,
fizzy-drinks,Sainsbury's Cola Zero 2L,49p2p / 100ml,
fizzy-drinks,Vimto No Added Sugar Real Fruit Squash 2L,£3.0015p / 100ml,
fizzy-drinks,Sainsbury's Lemonade 2L,60p3p / 100ml,
fizzy-drinks,Pepsi Max No Sugar Cola Cans 8x330ml,£4.7518p / 100ml,
fizzy-drinks,Diet Coke 2L,£2.5513p / 100ml,
fizzy-drinks,"Sainsbury's Bottled Sparkling Flavoured Water, Blackcurrant ...",75p8p / 100ml,
fizzy-drinks,Coca-Cola Original Taste 1.75L,£2.6015p / 100ml,
fizzy-drinks,Coca-Cola Zero Sugar 2L,£2.5513p / 100ml,
fizzy-drinks,"Sainsbury's Bottled Sparkling Flavoured Water, Lemon & Lime ...",75p8p / 100ml,
fizzy-drinks,Coca-Cola Original Taste 24x330ml,£15.0019p / 100ml,
fizzy-drinks,"Sainsbury's Bottled Sparkling Flavoured Water, Mango & Passi...",75p8p / 100ml,
fizzy-drinks,7UP Zero Sugar Lemon & Lime Cans 8x330ml,£3.7014p / 100ml,
fizzy-drinks,Diet Coke 8 x 330ml,"£3.50with Nectar
£5.2520p / 100ml",
fizzy-drinks,Fanta Orange Zero 8x330ml,£4.0015p / 100ml,
fizzy-drinks,Sainsbury's Cloudy Lemonade No Added Sugar 2L,80p4p / 100ml,
fizzy-drinks,Sprite Zero Sugar 8x330ml,£4.0015p / 100ml,
fizzy-drinks,Pepsi Max No Sugar Cola Cans 12x330ml,£6.0015p / 100ml,
fizzy-drinks,Sainsbury's Diet Cola 2L,49p2p / 100ml,
fizzy-drinks,7UP Zero Sugar Pink Lemonade Cans 8 x 330ml,£3.7514p / 100ml,
fizzy-drinks,Coca-Cola Zero Sugar 10 x 330ml,£5.2520p / 100ml,
fizzy-drinks,Schweppes Lemonade 2L,"£1.40with Nectar
£1.558p / 100ml",
fizzy-drinks,Sainsbury's Diet Lemonade 6x330ml,£2.0510p / 100ml,
fizzy-drinks,R Whites Lemonade 2L,£1.156p / 100ml,
fizzy-drinks,Diet Coke No Caffeine 8 x 330ml,"£3.50with Nectar
£5.2520p / 100ml",
fizzy-drinks,Pepsi Max Cherry No Sugar Cola Bottle 2L,£2.3512p / 100ml,
fizzy-drinks,J2O Orange & Passion Fruit Cans 4x250ml,£3.2533p / 100ml,
fizzy-drinks,Vimto Real Fruit Squash 2L,£3.0015p / 100ml,
fizzy-drinks,Schweppes Slimline Lemonade 2L,"£1.40with Nectar
£1.558p / 100ml",
fizzy-drinks,"Sainsbury's Pineapple & Grapefruit Juice Drink, Zero Added S...",80p4p / 100ml,
fizzy-drinks,J2O Apple & Raspberry Cans 4x250ml,£3.2533p / 100ml,
fizzy-drinks,"Sainsbury's Bottled Sparkling Flavoured Water, Strawberry & ...",75p8p / 100ml,
fizzy-drinks,"Sainsbury's Lemonade, Diet 1L",55p6p / 100ml,
fizzy-drinks,Pepsi Max No Caffeine No Sugar Cola Bottle 2L,£2.3512p / 100ml,
fizzy-drinks,"Sainsbury's Diet Ginger Beer, No Added Sugar 2L",80p4p / 100ml,
fizzy-drinks,Diet Coke No Caffeine 2L,£2.4012p / 100ml,
fizzy-drinks,Pepsi Max No Caffeine 8x330ml,£4.7518p / 100ml,
fizzy-drinks,Fanta Orange Zero 2L,£2.1511p / 100ml,
fizzy-drinks,"Sainsbury's Ginger Beer, Diet x6 330ml",£2.0510p / 100ml,
fizzy-drinks,Diet Coke No Caffeine 24x330ml,"£8.00with Nectar
£12.0015p / 100ml",
fizzy-drinks,San Pellegrino Blood Orange 4 x 330ml,£3.5027p / 100ml,
fizzy-drinks,Sainsbury's Cola 2L,80p4p / 100ml,
fizzy-drinks,Tango Apple Sugar Free Can 8x330ml,£3.7014p / 100ml,
fizzy-drinks,Fanta Lemon 8x 330ml,£4.0015p / 100ml,
fizzy-drinks,Sainsbury's No Added Sugar Cherryade 2L,80p4p / 100ml,
fizzy-drinks,"Sainsbury's Diet Cream Soda, No Added Sugar 2L",80p4p / 100ml,
fizzy-drinks,Diet Coke 12x150ml,£6.1034p / 100ml,
fizzy-drinks,Fanta Orange Zero 24x330ml,£10.5013p / 100ml,
fizzy-drinks,Coca-Cola Zero Sugar Zero Caffeine 8x330ml,£5.2520p / 100ml,
fizzy-drinks,Pepsi Max Cherry No Sugar Cola Cans 8x330ml,£4.7518p / 100ml,
fizzy-drinks,Pepsi Max Cherry No Sugar Cola Cans 24x330ml,"£8.50with Nectar
£11.5015p / 100ml",
water,San Pellegrino Sparkling Natural Mineral Water 6x500ml,£4.0013p / 100ml,
water,San Pellegrino Sparkling Natural Mineral Water 6x1L,"£5.50with Nectar
£7.0012p / 100ml",
water,San Pellegrino Essenza Sparkling Water Cherry & Pomegranate ...,£3.6027p / 100ml,
water,Sainsbury's British Bottled Spring Water 12x500ml,£2.003p / 100ml,
water,Sainsbury's Still British Bottled Spring Water 4x2L,£1.952p / 100ml,
water,Sainsburys British Bottled Sparkling Spring water 4x2L,£1.952p / 100ml,
water,Sainsbury's British Bottled Sparkling Spring Water 12x500ml,£2.805p / 100ml,
water,Nestle Pure Life Still Spring Water 12x500ml,£2.654p / 100ml,
water,Sainsbury's British Bottled Still Spring Water 5L,£1.503p / 100ml,
water,Evian Natural Bottled Mineral Still Water 6x1.5L,£5.506p / 100ml,
water,"Sainsbury's Bottled Sparkling Flavoured Water, Blackcurrant ...",75p8p / 100ml,
water,"Sainsbury's Bottled Sparkling Flavoured Water, Lemon & Lime ...",75p8p / 100ml,
water,Highland Spring Still Water 12x500ml,£3.606p / 100ml,
water,Buxton Still Natural Mineral Water 8x500ml,£2.506p / 100ml,
water,"Sainsbury's Bottled Sparkling Flavoured Water, Mango & Passi...",75p8p / 100ml,
water,Sainsbury's Bottled No Added Sugar Sparkling Apple & Elderfl...,75p8p / 100ml,
water,Highland Spring Sparkling Spring Water 8x500ml,£3.158p / 100ml,
water,Sainsbury's British Bottled Spring Sparkling Water 2L,85p4p / 100ml,
water,Highland Spring Sparkling Spring Water 6x1L,£4.157p / 100ml,
water,Volvic Natural Bottled Mineral Still Water 6x1.5L,"£2.50with Nectar
£4.855p / 100ml",
water,Highland Spring Still Water 6x1.5L,£4.255p / 100ml,
water,Evian Natural Bottled Mineral Still Water 6x500ml,£3.3511p / 100ml,
water,Sainsbury's Bottled Raspberry & Rhubarb Sparkling Water 1L,75p8p / 100ml,
water,"Sainsbury's Bottled Still Flavoured Water, Strawberry & Kiwi...",75p8p / 100ml,
water,"Sainsbury's Bottled Sparkling Flavoured Water, Strawberry & ...",75p8p / 100ml,
water,Highland Spring Still Water Sports Cap 12x330ml,£3.659p / 100ml,
water,Volvic Touch of Fruit Sugar Free Strawberry Flavoured Water ...,"£1.00with Nectar
£1.4510p / 100ml",
water,"Sainsbury's Bottled Still Flavoured Water, Lemon & Lime 1L",75p8p / 100ml,
water,Buxton Sparkling Natural Mineral Water 8x500ml,£3.208p / 100ml,
water,Vita Coco The Original Coconut Water 1L,£4.0040p / 100ml,
water,Volvic Touch of Fruit Sugar Free Peach & Raspberry Flavoured...,"£1.00with Nectar
£1.4515p / 100ml",
water,"Sainsbury's Bottled Still Flavoured Water Strawberry & Kiwi,...",£1.809p / 100ml,
water,Volvic Touch of Fruit Sugar Free Lemon & Lime Flavoured Wate...,"£1.00with Nectar
£1.4510p / 100ml",
water,Volvic Touch of Fruit Sugar Free Summer Fruits Flavoured Wat...,"£1.00with Nectar
£1.4510p / 100ml",
water,Evian Natural Bottled Mineral Still Water 4x750ml,"£2.80with Nectar
£3.9013p / 100ml",
water,Volvic Touch of Fruit Sugar Free Special Edition Mango Passi...,"£1.00with Nectar
£1.4510p / 100ml",
water,Dash Mixed Pack 12 x 330ml,£13.0033p / 100ml,
water,Aqua Libra Sparkling Water Infused with Raspberry & Blackcur...,"£2.50with Nectar
£3.5027p / 100ml",
water,Aqua Libra Sparkling Water Infused with Blood Orange & Mango...,"£2.50with Nectar
£3.5027p / 100ml",
water,Evian Natural Bottled Mineral Still Water 12x330ml,£4.7512p / 100ml,
water,Sainsburys British Bottled Spring Water Still 2L,85p4p / 100ml,
water,"Sainsbury's Bottled Sparkling Flavoured Water Lemon & Lime, ...",£1.809p / 100ml,
water,Aqua Libra Sparkling Water Infused with Cucumber Mint & Lime...,"£2.50with Nectar
£3.5027p / 100ml",
water,Alpro Coconut Milk Chilled Dairy Alternative 1L,£2.00£2.00 / ltr,
water,"Sainsbury's Bottled Still Flavoured Water Lemon & Lime, No A...",£1.809p / 100ml,
water,Sainsbury's No Added Sugar Mineral Water Fruit Slurps Blackc...,£1.9513p / 100ml,
water,Vita Coco Coconut Water the Original 4 x 330ml,"£4.00with Nectar
£4.8036p / 100ml",
water,San Pellegrino Sparkling Natural Mineral Water Glass 750ml,£2.0027p / 100ml,
water,Innocent Coconut Water 1L,"£2.00with Nectar
£4.3043p / 100ml",
water,One Living Ginger Kombucha with Turmeric 4x250ml,£5.2553p / 100ml,
water,Sainsbury's Peach & Mango Sparkling Water 1L,75p8p / 100ml,
water,Nexba Naturally Sugar Free Elderflower & Lemon Kombucha 1L,£3.5035p / 100ml,
water,Volvic Touch of Fruit Sugar Free Watermelon Flavoured Water ...,"£1.00with Nectar
£1.4510p / 100ml",
water,Coco Cabana Coconut Water 1L,£2.5025p / 100ml,
water,Trip CBD Infused Elderflower Mint 4x250ml,£6.6066p / 100ml,
water,Perfectly Clear Still Red Apple Flavour Spring Water 1.5L,£1.258p / 100ml,
water,Glaceau Smartwater Bottles 6x 600ml,£3.5010p / 100ml,
water,Highland Spring Apple & Blackcurrant Still Flavoured Spring ...,£1.2010p / 100ml,
water,Volvic Natural Bottled Mineral Still Water 6x500ml,£3.1010p / 100ml,
water,Radnor Splash Apple & Raspberry Still Flavoured Spring Water...,£2.508p / 100ml,
juice-and-smoothies,Actimel Strawberry Cultured Yogurt Drink 12x100g,£4.5038p / 100g,
juice-and-smoothies,Lipton Ice Tea Peach Cans 6x330ml,"£3.00with Nectar
£4.0020p / 100ml",
juice-and-smoothies,Purdey's Natural Energy Rejuvenate Sparkling Grape & Apple w...,"£3.00with Nectar
£4.0040p / 100ml",
juice-and-smoothies,Sainsbury's Pure Apple Juice 1L,£1.6016p / 100ml,
juice-and-smoothies,Sainsbury's Smooth Pure Orange Juice 1L,£1.4515p / 100ml,
juice-and-smoothies,Sainsbury's Pure Orange Juice 1L,£1.9019p / 100ml,
juice-and-smoothies,"Sainsbury's 100% Pure Squeezed Smooth Orange Juice, Not From...",£2.2523p / 100ml,
juice-and-smoothies,"Sainsbury's 100% Pressed Apple Juice, Not From Concentrate 1...",£2.2523p / 100ml,
juice-and-smoothies,"Innocent Kids Strawberries, Raspberries & Apples Smoothies 4...","£2.00with Nectar
£3.6060p / 100ml",
juice-and-smoothies,Tropicana Pure Smooth Orange Fruit Juice 1.5L,"£3.50with Nectar
£4.5030p / 100ml",
juice-and-smoothies,Sainsbury's Pure Apple Juice 6x200ml,£2.3520p / 100ml,
juice-and-smoothies,Actimel Strawberry Cultured Yogurt Drink 8x100g,"£2.00with Nectar
£3.7547p / 100g",
juice-and-smoothies,"Sainsbury's 100% Apple Juice, Not From Concentrate 1.75L",£3.4019p / 100ml,
juice-and-smoothies,"Innocent Kids Oranges, Mangoes & Pineapples Smoothies 4x150m...","£2.00with Nectar
£3.6060p / 100ml",
juice-and-smoothies,"Sainsbury's 100% Pure Squeezed Orange Juice with Bits, Not F...",£2.2523p / 100ml,
juice-and-smoothies,Tropicana Pure Smooth Orange Fruit Juice 900ml,£3.2536p / 100ml,
juice-and-smoothies,Actimel Multifruit Cultured Yogurt Drink 8x100g,"£2.00with Nectar
£3.7547p / 100g",
juice-and-smoothies,"Sainsbury's Freshly Squeezed Orange Juice with Bits, Taste t...",£3.4034p / 100ml,
juice-and-smoothies,"Sainsbury's 100% Pure Squeezed Pineapple Juice, Not From Con...",£2.2523p / 100ml,
juice-and-smoothies,"Sainsbury's Cranberry Juice Drink, No Added Sugar 1L",£1.6016p / 100ml,
juice-and-smoothies,"Sainsbury's Freshly Squeezed Smooth Orange Juice, Taste the ...",£3.4034p / 100ml,
juice-and-smoothies,Benecol Raspberry No Added Sugar Yogurt Drink 6x67.5g,"£3.75with Nectar
£4.30£1.06 / 100g",
juice-and-smoothies,Happy Monkey Strawberry & Banana Kids Smoothie 4x180ml,£2.4033p / 100ml,
juice-and-smoothies,Actimel Blueberry Cultured Yogurt Drink 8x100g,"£2.00with Nectar
£3.7547p / 100g",
juice-and-smoothies,Innocent Pure Orange Juice Smooth 900ml,"£2.50with Nectar
£3.2036p / 100ml",
juice-and-smoothies,Sainsbury's Pure Orange Juice With Bits 1L,£1.9019p / 100ml,
juice-and-smoothies,Sainsbury's Cholesterol Lowering Drink Strawberry 6x100g,£3.0050p / 100g,
juice-and-smoothies,Sainsbury's Pure Orange Juice 6x200ml,£2.7523p / 100ml,
juice-and-smoothies,"Innocent Kids Peaches, Passion Fruits & Oranges Smoothies 4 ...","£2.00with Nectar
£3.6060p / 100ml",
juice-and-smoothies,"Sainsbury's Apple & Mango Juice, Not From Concentrate 1L",£2.2523p / 100ml,
juice-and-smoothies,Sainsbury's Pineapple Juice 1L,£1.5015p / 100ml,
juice-and-smoothies,Stamford Street Co. Apple Juice from Concentrate 1L,89p9p / 100ml,
juice-and-smoothies,Actimel Multifruit Cultured Yogurt Drink 12x100g,£4.5038p / 100g,
juice-and-smoothies,Innocent Pure Orange Juice Smooth 1.35L,£4.4033p / 100ml,
juice-and-smoothies,Sainsbury's Mango & Passionfruit Smoothie 750ml,£1.9526p / 100ml,
juice-and-smoothies,Innocent Pure Orange Juice Smooth 1.75L,"£3.50with Nectar
£4.9028p / 100ml",
juice-and-smoothies,"Sainsbury's 100% Pure Squeezed Pink Grapefruit Juice, Not Fr...",£2.2523p / 100ml,
juice-and-smoothies,Actimel Strawberry Blueberry Cultured Yogurt Drink 12x100g,£4.5038p / 100g,
juice-and-smoothies,Benecol Peach & Apricot No Added Sugar Yogurt Drink 6x67.5g,"£3.75with Nectar
£4.30£1.06 / 100g",
juice-and-smoothies,Lipton Ice Tea Peach Flavoured Still Soft Drink 1.25L,£2.2518p / 100ml,
juice-and-smoothies,Sainsbury's Strawberry Milkshake 1L,£1.1011p / 100ml,
juice-and-smoothies,Happy Monkey Chocolate Milkshakes 3x200ml,"£1.00with Nectar
£1.2020p / 100ml",
juice-and-smoothies,Benecol Original No Added Sugar Yogurt Drink 6x67.5g,"£3.75with Nectar
£4.30£1.06 / 100g",
juice-and-smoothies,Innocent Kids Apples & Blackcurrants Smoothies 4 x 150ml,"£2.00with Nectar
£3.6060p / 100ml",
juice-and-smoothies,"Innocent Kids Cherries, Strawberries & Apples Smoothies 4 x ...","£2.00with Nectar
£3.6060p / 100ml",
juice-and-smoothies,"Sainsbury's Apple & Pear Juice, Not From Concentrate 1L",£2.2523p / 100ml,
juice-and-smoothies,Benecol Yogurt Drink Strawberry 6x67.5g,"£3.75with Nectar
£4.30£1.06 / 100g",
juice-and-smoothies,Biotiful Gut Health Kefir Milk Drink Original 500ml,£2.6052p / 100ml,
juice-and-smoothies,Copella Cloudy Apple Fruit Juice 1.35L,£3.7528p / 100ml,
juice-and-smoothies,MOJU Ginger Vitality Dosing Bottle Shots x7 420ml,£5.95£1.42 / 100ml,
juice-and-smoothies,Actimel Strawberry 0% Added Sugar Fat Free Yogurt Drink 8x10...,"£2.00with Nectar
£3.7547p / 100g",
juice-and-smoothies,"Sainsbury's Apple & Mango Juice, Not From Concentrate 1.75L",£3.4019p / 100ml,
juice-and-smoothies,Sainsbury's Tomato Juice 1L,£1.4515p / 100ml,
juice-and-smoothies,Sainsbury's Pure Orange Juice with Juicy Bits 1L,£1.5916p / 100ml,
juice-and-smoothies,Sainsbury's Strawberry & Banana Smoothie 750ml,£1.9526p / 100ml,
juice-and-smoothies,Copella Cloudy Apple Fruit Juice 900ml,"£2.25with Nectar
£2.7531p / 100ml",
kids-and-lunchbox,Ribena Blackcurrant Juice Drink Cartons 6x250ml,£2.7518p / 100ml,
kids-and-lunchbox,Ribena No Added Sugar Strawberry Juice Drink Cartons 6x250ml,£2.7518p / 100ml,
kids-and-lunchbox,Fruit Shoot Summer Fruits Kids Juice Drink 8x200ml,"£2.50with Nectar
£3.6523p / 100ml",
kids-and-lunchbox,Sainsbury's Pure Apple Juice 1L,£1.6016p / 100ml,
kids-and-lunchbox,Sainsbury's Pure Orange Juice 1L,£1.9019p / 100ml,
kids-and-lunchbox,"Innocent Kids Strawberries, Raspberries & Apples Smoothies 4...","£2.00with Nectar
£3.6060p / 100ml",
kids-and-lunchbox,Sainsbury's Pure Apple Juice 6x200ml,£2.3520p / 100ml,
kids-and-lunchbox,"Innocent Kids Oranges, Mangoes & Pineapples Smoothies 4x150m...","£2.00with Nectar
£3.6060p / 100ml",
kids-and-lunchbox,"Sainsbury's Cranberry Juice Drink, No Added Sugar 1L",£1.6016p / 100ml,
kids-and-lunchbox,Happy Monkey Strawberry & Banana Kids Smoothie 4x180ml,£2.4033p / 100ml,
kids-and-lunchbox,Sainsbury's Pure Orange Juice With Bits 1L,£1.9019p / 100ml,
kids-and-lunchbox,Sainsbury's Pure Orange Juice 6x200ml,£2.7523p / 100ml,
kids-and-lunchbox,"Innocent Kids Peaches, Passion Fruits & Oranges Smoothies 4 ...","£2.00with Nectar
£3.6060p / 100ml",
kids-and-lunchbox,Innocent Kids Apples & Blackcurrants Smoothies 4 x 150ml,"£2.00with Nectar
£3.6060p / 100ml",
kids-and-lunchbox,"Innocent Kids Cherries, Strawberries & Apples Smoothies 4 x ...","£2.00with Nectar
£3.6060p / 100ml",
kids-and-lunchbox,Sainsbury's Tomato Juice 1L,£1.4515p / 100ml,
kids-and-lunchbox,Happy Monkey Orange & Mango Kids Smoothie 4x180ml,£2.4033p / 100ml,
kids-and-lunchbox,"innocent Kids Strawberries, Kiwis & Apples Super Smoothies w...",£4.1068p / 100ml,
kids-and-lunchbox,Fruit Shoot Apple & Blackcurrant Kids Juice Drink 8x200ml,"£2.50with Nectar
£3.6523p / 100ml",
kids-and-lunchbox,Capri-Sun Orange 8 x 200ml,£3.0019p / 100ml,
kids-and-lunchbox,"Innocent Kids Strawberries, Raspberries & Apples Smoothies 1...",£6.0040p / 100ml,
kids-and-lunchbox,Fruit Shoot Apple & Blackcurrant Kids Juice Drink 24x200ml,"£6.00with Nectar
£7.5016p / 100ml",
kids-and-lunchbox,Sainsbury's Pure Apple Juice 3x200ml,£1.4023p / 100ml,
kids-and-lunchbox,Sainsbury's Pure Pineapple Juice 3x200ml,£1.4023p / 100ml,
kids-and-lunchbox,Robinsons Mini Apple & Blackcurrant On the Go Squash 66ml,£2.75£4.17 / 100ml,
kids-and-lunchbox,Sainsbury's No Added Sugar Fruit Slurps Summer Fruits Juice ...,£1.9513p / 100ml,
kids-and-lunchbox,"Innocent Kids Oranges, Mangoes & Pineapples Smoothies 10 x 1...",£6.0040p / 100ml,
kids-and-lunchbox,Sainsbury's No Added Sugar Mineral Water Fruit Slurps Blackc...,£1.9513p / 100ml,
kids-and-lunchbox,Sainsbury's Pure Orange Juice 3x200ml,£1.4023p / 100ml,
kids-and-lunchbox,Fruit Shoot Orange Kids Juice Drink 8x200ml,"£2.50with Nectar
£3.6523p / 100ml",
kids-and-lunchbox,Sainsbury's No Added Sugar Fruit Slurps Apple & Blackcurrant...,£1.9513p / 100ml,
kids-and-lunchbox,Tropicana Pure Smooth Orange Fruit Juice 300ml,£2.2575p / 100ml,
kids-and-lunchbox,Capri-Sun Tropical 8 x 200ml,£3.0019p / 100ml,
kids-and-lunchbox,"Innocent Kids Mangoes, Peaches & Apricots Super Smoothies 4 ...",£4.1068p / 100ml,
kids-and-lunchbox,Cawston Press Apple & Pear Juice 3x200ml,"£1.50with Nectar
£2.2538p / 100ml",
kids-and-lunchbox,Sainsbury's No Added Sugar Fruit Slurps Orange & Pineapple F...,£1.9513p / 100ml,
kids-and-lunchbox,Robinsons Mini Orange On the Go Squash 66ml,£2.75£4.17 / 100ml,
kids-and-lunchbox,Sainsbury's No Added Sugar Fruit Slurps Orange Juice Drink 6...,£1.9513p / 100ml,
kids-and-lunchbox,Sainsbury's No Added Sugar Tropical Juice Drink from Concent...,£1.0017p / 100ml,
kids-and-lunchbox,Capri-Sun Zero Orange 8x200ml,£3.0019p / 100ml,
kids-and-lunchbox,Robinsons Mini Summer Fruits On the Go Squash 66ml,£2.75£4.17 / 100ml,
kids-and-lunchbox,Fruit Shoot Apple Kids Juice Drink 8x200ml,"£2.50with Nectar
£3.6523p / 100ml",
kids-and-lunchbox,Cawston Press Apple & Mango Juice 3x200ml,"£1.50with Nectar
£2.2538p / 100ml",
kids-and-lunchbox,Robinsons Mini Passion Fruit & Mango On The Go Squash 66ml,£2.75£4.17 / 100ml,
kids-and-lunchbox,Fruit Shoot Apple & Blackcurrant Kids Juice Drink 4x200ml,£2.0025p / 100ml,
kids-and-lunchbox,Fruit Shoot Orange Kids Juice Drink 24x200ml,"£6.00with Nectar
£7.5016p / 100ml",
kids-and-lunchbox,Robinsons Mini Lemon & Lime On The Go Squash 66ml,£2.75£4.17 / 100ml,
kids-and-lunchbox,Yazoo Chocolate Milk Drink 200ml,£1.5025p / 100ml,
kids-and-lunchbox,Copella Cloudy Apple Fruit Juice 300ml,£1.9565p / 100ml,
kids-and-lunchbox,Fruit Shoot Hydro Blackcurrant Kids Water Drink 8x275ml,£3.6517p / 100ml,
kids-and-lunchbox,"Sainsbury's Pure Apple Juice, SO Organic 3x200ml",£1.7529p / 100ml,
kids-and-lunchbox,Ribena No Added Sugar Blackcurrant Juice Drink Cartons 6x250...,£2.7518p / 100ml,
kids-and-lunchbox,Sainsbury's Kids Apple 3x200ml,£1.1018p / 100ml,
kids-and-lunchbox,Highland Spring Still Water Sports Cap 6x330ml,£2.0010p / 100ml,
kids-and-lunchbox,Capri-Sun Orange 15 x 200ml,£5.0017p / 100ml,
kids-and-lunchbox,Cawston Apple & Summer Berries Fruit Water 3x200ml,"£1.50with Nectar
£2.2538p / 100ml",
kids-and-lunchbox,Vimto Original No Added Sugar Real Fruit Still Kid's Juice D...,£3.0020p / 100ml,
kids-and-lunchbox,Fruit Shoot Hydro Apple & Raspberry Kids Water Drink 8x275ml,£3.6523p / 100ml,
kids-and-lunchbox,Ribena Blackcurrant Juice Drink 4x500ml,£3.5018p / 100ml,
kids-and-lunchbox,Rubicon Mango Fruit Juice Drink 288ml,"70pwith Nectar
80p28p / 100ml",
beer-and-cider,Fuller's London Pride 4.7% Amber Ale Beer Cans 4x500ml,£6.75£3.38 / ltr,
beer-and-cider,Fuller's London Pride 4.7% Amber Ale Beer Bottles 4x500ml,£7.00£3.50 / ltr,
beer-and-cider,Inch's Cloudy Apple Cider 10 x 440ml,"£9.00with Nectar
£11.50£2.61 / ltr",
beer-and-cider,Stella Artois Premium Lager Beer Cans 18x440ml,£18.00£2.27 / ltr,
beer-and-cider,Corona Extra Premium Lager Beer Bottles 12x330ml,£16.00£4.04 / ltr,
beer-and-cider,Foster's Lager Beer Cans 18x440ml,£15.00£1.89 / ltr,
beer-and-cider,Cruzcampo Sevilla Lager Beer Can 10x440ml,£13.00£2.95 / ltr,
beer-and-cider,Birra Moretti Lager Beer Bottles 12x330ml,£17.50£4.42 / ltr,
beer-and-cider,Heineken 0.0% Alcohol Free Lager Beer Can 6 x 330ml,£5.00£2.53 / ltr,
beer-and-cider,Carling Original Lager Beer Cans x18 440ml,"£13.00with Nectar
£16.00£2.02 / ltr",
beer-and-cider,Kronenbourg 1664 Lager Beer Cans 15 x 440ml,"£12.00with Nectar
£17.00£2.58 / ltr",
beer-and-cider,Guinness Draught 0.0% Alcohol Free Beer 10 x 440ml,£13.25£3.01 / ltr,
beer-and-cider,Budweiser Lager Beer Bottles 20x300ml,£18.00£3.00 / ltr,
beer-and-cider,Peroni Nastro Azzurro Beer Lager Bottles 12x330ml,£19.50£4.92 / ltr,
beer-and-cider,Peroni Nastro Azzurro 0% Alcohol Free Beer 4 x 330ml,£5.50£4.17 / ltr,
beer-and-cider,Corona Extra Premium Lager Beer bottles 18x330ml,"£15.00with Nectar
£20.00£3.37 / ltr",
beer-and-cider,Guinness 0.0% Alcohol Free Stout Beer Cans 4 x 440ml,£5.45£3.10 / ltr,
beer-and-cider,Guinness Draught In Can Stout Beer 12x440ml,"£15.00with Nectar
£17.00£3.22 / ltr",
beer-and-cider,Peroni Nastro Azzurro 0.0% Alcohol Free Beer 12 x 330ml,"£11.50with Nectar
£13.00£3.28 / ltr",
beer-and-cider,Carlsberg Danish Pilsner Lager Beer Can 18x440ml,£13.00£1.64 / ltr,
beer-and-cider,Corona Cero 0.0% Alcohol Free Beer 12 x 330ml,"£9.00with Nectar
£12.50£3.16 / ltr",
beer-and-cider,Stella Artois Premium Lager Beer Cans 10x440ml,"£9.00with Nectar
£13.00£2.95 / ltr",
beer-and-cider,Lucky Saint 0.5% Low Alcohol Lager 4 x 330ml,£6.00£4.55 / ltr,
beer-and-cider,Heineken Premium Lager Beer Cans 15x440ml,£16.00£2.42 / ltr,
beer-and-cider,San Miguel Premium Lager Beer Bottles 12x330ml,£14.00£3.54 / ltr,
beer-and-cider,Birra Moretti Lager Beer Bottle 18x330ml,"£20.00with Nectar
£26.00£4.38 / ltr",
beer-and-cider,Peroni Nastro Azzurro Beer Lager Bottles 18x330ml,"£21.00with Nectar
£25.50£4.29 / ltr",
beer-and-cider,San Miguel Premium Lager Beer 10x440ml,£13.00£2.95 / ltr,
beer-and-cider,Erdinger Alkoholfrei 0.5% Low Alcohol Wheat Beer 500ml,£2.00£4.00 / ltr,
beer-and-cider,Old Speckled Hen Pale Ale Beer Cans 4x500ml,£5.85£2.93 / ltr,
beer-and-cider,Greene King Abbot Ale Beer Cans 4x500ml,"£5.35with Nectar
£6.00£3.00 / ltr",
beer-and-cider,Strongbow Original Cider Cans 18 x 440ml,£15.00£1.89 / ltr,
beer-and-cider,Beavertown Neck Oil Session IPA 10x330ml,£16.50£5.00 / ltr,
beer-and-cider,Thatchers Gold Cider 10x440ml,"£9.50with Nectar
£10.50£2.39 / ltr",
beer-and-cider,Estrella Damm Lager Beer Bottles 12x330ml,£18.25£4.61 / ltr,
beer-and-cider,Birra Moretti Lager Beer Bottle 660ml,£3.05£4.62 / ltr,
beer-and-cider,Peroni Nastro Azzurro Beer Lager Bottle 620ml,£3.10£5.00 / ltr,
beer-and-cider,Birra Moretti Lager Beer Cans 6 x 330ml,£8.00£4.04 / ltr,
beer-and-cider,Birra Moretti Premium Lager Cans 10x330ml,£12.50£3.79 / ltr,
beer-and-cider,Inch's Medium Apple Cider 4.5% ABV Multipack Can 10 x 440ml,£11.25£2.56 / ltr,
beer-and-cider,Budweiser Lager Beer Cans 15x440ml,"£12.00with Nectar
£17.00£2.58 / ltr",
beer-and-cider,Timothy Taylor's Landlord Ale 500ml,£2.40£4.80 / ltr,
beer-and-cider,Guinness Draught Stout Beer Cans 4x440ml,£5.75£3.27 / ltr,
beer-and-cider,BrewDog Punk IPA 12x330ml,£16.00£4.04 / ltr,
beer-and-cider,Birra Moretti Zero 0.0% Alcohol Free Beer Bottle 4 x 330ml,£5.25£3.98 / ltr,
beer-and-cider,Beck's Blue 0.0% Alcohol Free Beer Bottles x6 275ml,£4.50£2.73 / ltr,
beer-and-cider,Corona Cero 0.0% Alcohol Free 4 x 330ml,"£4.00with Nectar
£5.00£3.79 / ltr",
beer-and-cider,Estrella Damm Alcohol Free Beer Barcelona 440ml,£5.00£2.84 / ltr,
beer-and-cider,Henry Westons Medium Dry Vintage Cider 6x500ml,£12.00£4.00 / ltr,
beer-and-cider,BrewDog Punk 0.5% Low Alcohol IPA 4 x 330ml,"£4.00with Nectar
£5.00£3.79 / ltr",
beer-and-cider,Old Mout Cider Berries & Cherries Can 10x330ml,£12.00£3.64 / ltr,
beer-and-cider,Asahi Super Dry Beer Lager Bottle 620ml,£3.00£4.84 / ltr,
beer-and-cider,Madri Excepcional Premium Lager Beer Bottle 12 x 330ml,"£13.00with Nectar
£17.50£4.42 / ltr",
beer-and-cider,Stella Artois Premium Lager Pint Cans 4x568ml,£6.50£2.86 / ltr,
beer-and-cider,Madri Excepcional Premium Lager Beer Can10 x 440ml,£14.75£3.35 / ltr,
beer-and-cider,Heineken 0.0% Alcohol Free Premium Lager Beer Bottle 12 x 33...,£11.50£2.90 / ltr,
beer-and-cider,Stella Artois Premium Lager Beer Bottles 12x330ml,£13.00£3.28 / ltr,
beer-and-cider,Cobra Premium World Lager Beer Bottle 620ml,£2.75£4.44 / ltr,
beer-and-cider,Thatchers Haze Cloudy Somerset Cider 10x440ml,£10.50£2.39 / ltr,
beer-and-cider,Sainsbury's Original Dry Cider 4x440ml,£2.85£1.62 / ltr,
wine,Casillero Del Diablo Zero 0.5% Low Alcohol Sparkling Wine Ba...,£6.00£6.00 / 75cl,
wine,Perrier-Jouet Grand Brut NV Champagne 75cl,£50.00£50.00 / 75cl,
wine,"Bollinger Special Cuvee, Non Vintage Champagne 75cl",£59.00£59.00 / 75cl,
wine,Villa Maria Private Bin Sauvignon Blanc White Wine 75cl,£11.00£11.00 / 75cl,
wine,La Vieille Ferme Rose Wine 75cl,"£7.25with Nectar
£8.75£8.75 / 75cl",
wine,"Sainsbury's Pinot Grigio White Wine, Taste the Difference 75...",£8.50£8.50 / 75cl,
wine,Edizione 789 Prosecco 75cl,"£6.00with Nectar
£7.00£7.00 / 75cl",
wine,Veuve Clicquot Yellow Label Brut Champagne 75cl,£50.00£50.00 / 75cl,
wine,Phantom River Sauvignon Blanc White Wine 75cl,£6.50£6.50 / 75cl,
wine,Sainsbury’s House Malbec Red Wine 75cl,£4.79£4.79 / 75cl,
wine,Campo Viejo Rioja Tempranillo Red Wine 75cl,£9.25£9.25 / 75cl,
wine,Mud House New Zealand Marlborough Sauvignon Blanc White Wine...,£10.25£10.25 / 75cl,
wine,Oyster Bay Sauvignon Blanc White Wine 75cl,"£9.75with Nectar
£11.75£11.75 / 75cl",
wine,Mondelli Pinot Grigio White Wine 75cl,£4.65£4.65 / 75cl,
wine,"Sainsbury's Conegliano Prosecco, Taste the Difference 75cl","£8.50with Nectar
£10.00£10.00 / 75cl",
wine,Mondelli 789 Pinot Grigio White Wine 75cl,"£5.00with Nectar
£6.10£6.10 / 75cl",
wine,"Sainsbury's Pinot Grigio Dolomiti Blush Rose Wine, Taste the...",£8.50£8.50 / 75cl,
wine,"Sainsbury's Malbec Red Wine, Taste the Difference 75cl",£8.50£8.50 / 75cl,
wine,Sainsbury's House Pinot Grigio White Wine 2.25L,£15.50£5.17 / 75cl,
wine,Canti Prosecco 75cl,"£7.50with Nectar
£9.00£9.00 / 75cl",
wine,Brancott Estate Sauvignon Blanc White Wine 75cl,"£8.50with Nectar
£10.50£10.50 / 75cl",
wine,Barefoot Merlot Red Wine 75cl,£8.50£8.50 / 75cl,
wine,Sainsbury's House Pinot Grigio White Wine 75cl,£5.25£5.25 / 75cl,
wine,"Sainsbury's Sauvignon Blanc White Wine, Taste the Difference...",£8.50£8.50 / 75cl,
wine,Yellow Tail Chardonnay White Wine 75cl,£8.25£8.25 / 75cl,
wine,Sainsbury's House Sauvignon Blanc White Wine 225cl,£15.50£5.17 / 75cl,
wine,Clearsprings Sauvignon Blanc White Wine 75cl,"£6.25with Nectar
£6.75£6.75 / 75cl",
wine,"Sainsbury's Zurriago Malbec Red Wine, Taste the Difference 7...",£9.00£9.00 / 75cl,
wine,McGuigan Black Label Malbec Australian Red Wine 75cl,£7.25£7.25 / 75cl,
wine,Trivento Malbec Reserve Red Wine 75cl,"£7.50with Nectar
£8.75£8.75 / 75cl",
wine,Barefoot Pinot Grigio White Wine 75cl,£8.25£8.25 / 75cl,
wine,Colle Lauro Prosecco 75cl,£5.29£5.29 / 75cl,
wine,"Sainsbury's Grenache Rose Wine, Taste the Difference 75cl",£8.50£8.50 / 75cl,
wine,"Mumm Cordon Rouge Champagne Brut, Non Vintage 75cl","£29.00with Nectar
£40.00£40.00 / 75cl",
wine,Mondelli Pinot Grigio Blush Rose Wine 75cl,"£5.00with Nectar
£6.10£6.10 / 75cl",
wine,McGuigan Estate Merlot 75cl,£5.45£5.45 / 75cl,
wine,"Sainsbury's Languedoc White Wine, Taste the Difference 75cl",£9.25£9.25 / 75cl,
wine,Yellow Tail Shiraz Red Wine 75cl,"£7.25with Nectar
£8.25£8.25 / 75cl",
wine,Wollemi Chardonnay White Wine 75cl,£4.25£4.25 / 75cl,
wine,Sainsbury's Cava Brut 75cl,£6.25£6.25 / 75cl,
wine,Barefoot Malbec Red Wine 75cl,"£7.00with Nectar
£8.50£8.50 / 75cl",
wine,Yellow Tail Jammy Red Roo Wine 75cl,£8.25£8.25 / 75cl,
wine,Champagne Lanson Le Black Création 75cl,"£33.00with Nectar
£43.00£43.00 / 75cl",
wine,McGuigan Estate Shiraz 75cl,"£5.00with Nectar
£5.45£5.45 / 75cl",
wine,Yellow Tail Merlot Red Wine 75cl,£8.25£8.25 / 75cl,
wine,Wolf Blass Red Label Shiraz Cabernet Red Wine 75cl,£8.50£8.50 / 75cl,
wine,Wollemi Merlot Red Wine 75cl,£4.15£4.15 / 75cl,
wine,Valdo Prosecco Marca Oro 75cl,£9.00£9.00 / 75cl,
wine,Moët & Chandon Brut Imperial Champagne 75cl,£45.00£45.00 / 75cl,
wine,Sainsbury's House Sauvignon Blanc White Wine 75cl,£5.25£5.25 / 75cl,
wine,Penguin Sands Chenin Blanc White Wine 75cl,£3.99£3.99 / 75cl,
wine,Sainsbury's House Sauvignon Blanc White Wine (Small bottle) ...,"£1.95with Nectar
£2.25£9.02 / 75cl",
wine,Le Bijou de Sophie Valrose Rose Wine 75cl,£9.25£9.25 / 75cl,
wine,Gallo Family White Zinfandel Rosé Wine 75cl,£5.95£5.95 / 75cl,
wine,Yellow Tail Pinot Grigio White Wine 75cl,"£7.00with Nectar
£8.25£8.25 / 75cl",
wine,Sainsbury's House Merlot Red Wine (Small bottle) 18.7cl,£2.25£9.02 / 75cl,
wine,Freixenet Prosecco 75cl,£12.50£12.50 / 75cl,
wine,Yealands Sauvignon Blanc White Wine 75cl,£10.00£10.00 / 75cl,
wine,19 Crimes Red Wine 75cl,"£7.50with Nectar
£9.75£9.75 / 75cl",
wine,Cono Sur Bicicleta Viognier White Wine 75cl,£8.00£8.00 / 75cl,
champagne-and-sparkling-wine,Perrier-Jouet Grand Brut NV Champagne 75cl,£50.00£50.00 / 75cl,
champagne-and-sparkling-wine,"Bollinger Special Cuvee, Non Vintage Champagne 75cl",£59.00£59.00 / 75cl,
champagne-and-sparkling-wine,Edizione 789 Prosecco 75cl,"£6.00with Nectar
£7.00£7.00 / 75cl",
champagne-and-sparkling-wine,Veuve Clicquot Yellow Label Brut Champagne 75cl,£50.00£50.00 / 75cl,
champagne-and-sparkling-wine,"Sainsbury's Conegliano Prosecco, Taste the Difference 75cl","£8.50with Nectar
£10.00£10.00 / 75cl",
champagne-and-sparkling-wine,Canti Prosecco 75cl,"£7.50with Nectar
£9.00£9.00 / 75cl",
champagne-and-sparkling-wine,Colle Lauro Prosecco 75cl,£5.29£5.29 / 75cl,
champagne-and-sparkling-wine,"Mumm Cordon Rouge Champagne Brut, Non Vintage 75cl","£29.00with Nectar
£40.00£40.00 / 75cl",
champagne-and-sparkling-wine,Sainsbury's Cava Brut 75cl,£6.25£6.25 / 75cl,
champagne-and-sparkling-wine,Champagne Lanson Le Black Création 75cl,"£33.00with Nectar
£43.00£43.00 / 75cl",
champagne-and-sparkling-wine,Valdo Prosecco Marca Oro 75cl,£9.00£9.00 / 75cl,
champagne-and-sparkling-wine,Moët & Chandon Brut Imperial Champagne 75cl,£45.00£45.00 / 75cl,
champagne-and-sparkling-wine,Freixenet Prosecco 75cl,£12.50£12.50 / 75cl,
champagne-and-sparkling-wine,"Sainsbury's Prosecco Rose Wine, Taste the Difference 75cl",£10.00£10.00 / 75cl,
champagne-and-sparkling-wine,"Sainsbury's Conegliano Prosecco, Taste the Difference (Small...",£3.35£12.56 / 75cl,
champagne-and-sparkling-wine,Bolney North Downs Classic Cuvée NV Brut White Wine 75cl,"£29.50with Nectar
£35.00£35.00 / 75cl",
champagne-and-sparkling-wine,Cantine Maschio Prosecco 20cl,£2.55£9.56 / 75cl,
champagne-and-sparkling-wine,"Nozeco 0.5% Low Alcohol Fine Sparkling Wine Based Drink, Spe...",£3.50£3.50 / 75cl,
champagne-and-sparkling-wine,Sainsbury's Prosecco Frizzante 75cl,£5.49£5.49 / 75cl,
champagne-and-sparkling-wine,Freixenet Italian Sparkling Rose Extra Dry Wine 75cl,"£9.00with Nectar
£12.50£12.50 / 75cl",
champagne-and-sparkling-wine,"Sainsbury's Crémant De Loire White Wine, Taste the Differenc...","£11.00with Nectar
£12.50£12.50 / 75cl",
champagne-and-sparkling-wine,"Sainsbury's Prosecco, Taste the Difference 75cl",£8.75£8.75 / 75cl,
champagne-and-sparkling-wine,"Sainsbury's Pignoletto Brut White Wine, Taste the Difference...","£6.00with Nectar
£8.00£8.00 / 75cl",
champagne-and-sparkling-wine,Bollinger Rose Champagne 75cl,£62.00£62.00 / 75cl,
champagne-and-sparkling-wine,"Etienne Dumont Brut Champagne, Non Vintage 75cl",£15.49£15.49 / 75cl,
champagne-and-sparkling-wine,"Sainsbury's Cava Brut, Taste the Difference 75cl",£8.75£8.75 / 75cl,
champagne-and-sparkling-wine,Terra Organica Prosecco 75cl,"£9.00with Nectar
£12.75£12.75 / 75cl",
champagne-and-sparkling-wine,McGuigan Zero 0.0% Alcohol Free Australian Rose Wine Based D...,"£3.75with Nectar
£4.50£4.50 / 75cl",
champagne-and-sparkling-wine,Heidsieck Monopole Blue Top Brut Champagne 75cl,£34.00£34.00 / 75cl,
champagne-and-sparkling-wine,Sainsbury's Rose Cava Wine 75cl,"£6.00with Nectar
£7.00£7.00 / 75cl",
champagne-and-sparkling-wine,Laurent Perrier Champagne Cuvée Rosé Brut 750ml,£82.00£82.00 / 75cl,
champagne-and-sparkling-wine,"Sainsbury's Cremant d’Alsace, Taste the Difference 75cl",£11.50£11.50 / 75cl,
champagne-and-sparkling-wine,Piper Heidsieck Brut NV Champagne 75cl,£40.00£40.00 / 75cl,
champagne-and-sparkling-wine,Della Vite Valdobbiadene Prosecco Superiore D.O.C.G 75cl,£22.00£22.00 / 75cl,
champagne-and-sparkling-wine,Freixenet 0.0% Alcohol Free Sparkling Rose Wine Based Drink ...,£5.00£5.00 / 75cl,
champagne-and-sparkling-wine,Freixenet 0.0% Alcohol Free Sparkling Wine Based Drink 75cl,£5.00£5.00 / 75cl,
champagne-and-sparkling-wine,"Sainsbury's Cremant De Loire Rose Wine, Taste the Difference...",£12.00£12.00 / 75cl,
champagne-and-sparkling-wine,"Sainsbury's Peach Spritz, Taste the Difference 75cl",£6.50£8.67 / ltr,
champagne-and-sparkling-wine,Canti Prosecco D.O.C Rose Wine 75cl,"£7.50with Nectar
£9.50£9.50 / 75cl",
champagne-and-sparkling-wine,Nozeco 0.5% Low Alcohol Fine Sparkling Rose Wine Based Drink...,£3.50£3.50 / 75cl,
champagne-and-sparkling-wine,Moët & Chandon Brut Imperial Rose Champagne 75cl,"£41.00with Nectar
£52.00£52.00 / 75cl",
champagne-and-sparkling-wine,"Sainsbury's Conegliano Prosecco, Taste the Difference 37.5cl",£6.15£12.30 / 75cl,
champagne-and-sparkling-wine,Sainsbury's Cava Medium Dry 75cl,£6.25£6.25 / 75cl,
champagne-and-sparkling-wine,Taittinger Brut Reserve Champagne 75cl,£44.00£44.00 / 75cl,
champagne-and-sparkling-wine,Sainsbury's Asti White Wine 75cl,£4.69£4.69 / 75cl,
champagne-and-sparkling-wine,La Gioiosa Prosecco Gold 75cl,£12.00£12.00 / 75cl,
champagne-and-sparkling-wine,Chapel Down NV Brut White Wine 75cl,£30.00£30.00 / 75cl,
champagne-and-sparkling-wine,Lambrini Lightly Sparkling Original White Wine 125cl,£3.75£2.25 / 75cl,
champagne-and-sparkling-wine,Della Vite Prosecco D.O.C Treviso Rose Wine 75cl,£22.00£22.00 / 75cl,
champagne-and-sparkling-wine,Freixenet Prosecco D.O.C. Sparkling Small Wine Bottle 20cl,£3.85£14.44 / 75cl,
champagne-and-sparkling-wine,Nicolas Feuillatte Champagne 75cl,"£26.00with Nectar
£28.50£28.50 / 75cl",
champagne-and-sparkling-wine,Maschio Prosecco DOC Extra Dry 75cl,"£8.00with Nectar
£10.50£10.50 / 75cl",
champagne-and-sparkling-wine,I Heart Prosecco Rose Wine 75cl,£9.25£9.25 / 75cl,
champagne-and-sparkling-wine,Freixenet Cordon Negro Brut Cava 75cl,"£9.00with Nectar
£10.75£10.75 / 75cl",
champagne-and-sparkling-wine,Cremant de Bourgogne Brut White Wine 75cl,"£12.50with Nectar
£13.75£13.75 / 75cl",
champagne-and-sparkling-wine,"Sainsbury's Orange Spritz, Taste the Difference 75cl",£6.50£8.67 / ltr,
champagne-and-sparkling-wine,Louis Bouillot Cremant de Bourgogne Rose Wine 75cl,£15.25£15.25 / 75cl,
champagne-and-sparkling-wine,Kylie Minogue Prosecco D.O.C. 75cl,£11.50£11.50 / 75cl,
champagne-and-sparkling-wine,Kylie Minogue Prosecco Rose 75cl,£11.50£11.50 / 75cl,
champagne-and-sparkling-wine,"Sainsbury's Dc Argentinean Sparkling Rose Wine, Taste the Di...","£13.00
£9.00£9.00 / 75cl",
spirits-and-liqueurs,"Campari Bitter, 25% ABV - Italian Spirit Aperitif Cocktail 7...","£19.00
£16.00£22.85 / ltr",
spirits-and-liqueurs,Captain Morgan Spiced Gold 0.0% Alcohol Free Spirit 70cl,"£12.00with Nectar
£16.00£22.86 / ltr",
spirits-and-liqueurs,Pimm's 1L,£23.00£23.00 / ltr,
spirits-and-liqueurs,Gordon's London Dry Gin 1L,£24.75£24.75 / ltr,
spirits-and-liqueurs,Bombay Sapphire London Dry Gin 100cl,£31.00£31.00 / ltr,
spirits-and-liqueurs,Smirnoff Red Label Vodka 1L,£24.75£24.75 / ltr,
spirits-and-liqueurs,Triple Distilled British Vodka 1L,£17.75£17.75 / ltr,
spirits-and-liqueurs,Tanqueray London Dry Gin 1L,"£23.50with Nectar
£29.50£29.50 / ltr",
spirits-and-liqueurs,Hollow & Bourne London Dry Gin 1L,£17.75£17.75 / ltr,
spirits-and-liqueurs,The Famous Grouse Finest Blended Scotch Whisky 1L,£23.50£23.50 / ltr,
spirits-and-liqueurs,Glenfiddich 15 Year Old Single Malt Scotch Whisky 70cl,£53.00£75.71 / ltr,
spirits-and-liqueurs,Crag & Glen Blended Scotch Whisky 1L,£18.75£18.75 / ltr,
spirits-and-liqueurs,Jack Daniel's Tennessee Whiskey 1L,£35.00£35.00 / ltr,
spirits-and-liqueurs,Sainsbury's London Dry Gin 70cl,£11.99£17.13 / ltr,
spirits-and-liqueurs,Hendrick's Gin 70cl,£33.00£47.14 / ltr,
spirits-and-liqueurs,Whyte & Mackay Blended Scotch Whisky 1L,£22.00£22.00 / ltr,
spirits-and-liqueurs,Grant's Triple Wood Blended Scotch Whisky 1L,"£19.50with Nectar
£22.50£22.50 / ltr",
spirits-and-liqueurs,Absolut Swedish Vodka 1L,£29.25£29.25 / ltr,
spirits-and-liqueurs,Aperol Aperitivo 70cl,£17.50£25.00 / ltr,
spirits-and-liqueurs,Sainsbury's Vodka 70cl,£12.49£17.84 / ltr,
spirits-and-liqueurs,Bacardi Carta Blanca Superior White Rum 100cl,£24.75£24.75 / ltr,
spirits-and-liqueurs,Three Barrels VSOP Brandy 1L,"£19.50with Nectar
£26.50£26.50 / ltr",
spirits-and-liqueurs,Jameson Black Barrel Triple Distilled Irish Whiskey 70cl,£40.00£57.14 / ltr,
spirits-and-liqueurs,J.J Whitley Artisanal Vodka 1L,"£18.00with Nectar
£22.00£22.00 / ltr",
spirits-and-liqueurs,Sainsbury's Ginger Wine 70cl,£4.75£5.09 / 75cl,
spirits-and-liqueurs,Sainsbury's Ruby Port 1L,£11.65£8.74 / 75cl,
spirits-and-liqueurs,Baileys Original Irish Cream Liqueur 1L,£22.00£22.00 / ltr,
spirits-and-liqueurs,Courvoisier VS Cognac 70cl,£34.00£48.57 / ltr,
spirits-and-liqueurs,Baileys Original Irish Cream 70cl,"£11.00with Nectar
£17.00£24.29 / ltr",
spirits-and-liqueurs,Captain Morgan Spiced Rum Based Spirit Drink 1L,£24.75£24.75 / ltr,
spirits-and-liqueurs,Frïs Vodka 1L,£19.75£19.75 / ltr,
spirits-and-liqueurs,"Croft Original Sherry, Original 1L",£15.25£11.44 / 75cl,
spirits-and-liqueurs,Malibu Original White Rum with Coconut Flavour 1L,£22.25£22.25 / ltr,
spirits-and-liqueurs,Napoleon Brandy VSOP 1L,£18.75£18.75 / ltr,
spirits-and-liqueurs,The Famous Grouse Finest Blended Scotch Whisky 70cl,"£15.50with Nectar
£18.25£26.07 / ltr",
spirits-and-liqueurs,ROKU Japanese Craft Gin 70cl,"£25.50with Nectar
£34.00£48.57 / ltr",
spirits-and-liqueurs,Tanqueray London Dry Gin 70cl,£23.00£32.86 / ltr,
spirits-and-liqueurs,"Sainsbury's Blackfriars Scottish Raspberry & Rhubarb Gin, Li...",£21.00£30.00 / ltr,
spirits-and-liqueurs,Sainsburys Brandy 70cl,£13.00£18.57 / ltr,
spirits-and-liqueurs,Harvey's Bristol Cream Sherry 1L,£15.25£11.44 / 75cl,
spirits-and-liqueurs,Three Barrels VSOP Brandy 70cl,£20.50£29.29 / ltr,
spirits-and-liqueurs,Whitley Neill Rhubarb & Ginger Gin 70cl,£29.75£42.50 / ltr,
spirits-and-liqueurs,Jameson Triple Distilled Blended Irish Whiskey 1L,£34.00£34.00 / ltr,
spirits-and-liqueurs,Sainsbury's Caribbean Pearl Superior Dark Rum 1 Litre,£17.75£17.75 / ltr,
spirits-and-liqueurs,Sainsbury's Blended Scotch Whisky 70cl,£12.49£17.84 / ltr,
spirits-and-liqueurs,Rémy Martin VSOP Cognac Fine Champagne 70cl,£46.50£66.43 / ltr,
spirits-and-liqueurs,Gordon's Premium Pink Gin & Tonic Ready To Drink 5% Vol Cans...,£10.25£6.83 / ltr,
spirits-and-liqueurs,The Kraken Black Spiced Rum 70cl,£27.00£38.57 / ltr,
spirits-and-liqueurs,Smirnoff Red Label Vodka 70cl,"£16.25with Nectar
£19.25£27.50 / ltr",
spirits-and-liqueurs,Monkey Shoulder Blended Malt Scotch Whisky 70cl,£30.00£42.86 / ltr,
spirits-and-liqueurs,The Singleton of Dufftown 12 Year Old Single Malt Scotch Whi...,£44.50£63.57 / ltr,
spirits-and-liqueurs,Greenall's the Original London Dry Gin 100cl,"£18.50with Nectar
£23.25£23.25 / ltr",
spirits-and-liqueurs,Bardinet VSOP Brandy 1L,£22.50£22.50 / ltr,
spirits-and-liqueurs,Sipsmith London Dry Gin 70cl,£31.00£44.29 / ltr,
spirits-and-liqueurs,Sainsbury's Winemakers' Selection Pale Cream British Fortifi...,£7.00£5.25 / 75cl,
spirits-and-liqueurs,Gordon's London Dry Gin 70cl,"£16.25with Nectar
£19.25£27.50 / ltr",
spirits-and-liqueurs,Sainsbury's Winemaker's Selection Medium Dry A Blend of Amon...,£10.75£8.06 / 75cl,
spirits-and-liqueurs,"Sainsbury's Peach Spritz, Taste the Difference 75cl",£6.50£8.67 / ltr,
spirits-and-liqueurs,Jim Beam Kentucky Straight Bourbon Whiskey 1L,"£20.00with Nectar
£28.00£28.00 / ltr",
spirits-and-liqueurs,Gordon's London Dry Gin & Tonic Ready To Drink 5% Vol Cans 6...,£10.25£6.83 / ltr,
low-and-no-alcohol,Captain Morgan Spiced Gold 0.0% Alcohol Free Spirit 70cl,"£12.00with Nectar
£16.00£22.86 / ltr",
low-and-no-alcohol,Heineken 0.0% Alcohol Free Lager Beer Can 6 x 330ml,£5.00£2.53 / ltr,
low-and-no-alcohol,Asahi Super Dry 0.0% Alcohol Free Cans 4 x 330ml,£5.00£3.79 / ltr,
low-and-no-alcohol,Guinness Draught 0.0% Alcohol Free Beer 10 x 440ml,£13.25£3.01 / ltr,
low-and-no-alcohol,Peroni Nastro Azzurro 0% Alcohol Free Beer 4 x 330ml,£5.50£4.17 / ltr,
low-and-no-alcohol,Guinness 0.0% Alcohol Free Stout Beer Cans 4 x 440ml,£5.45£3.10 / ltr,
low-and-no-alcohol,Peroni Nastro Azzurro 0.0% Alcohol Free Beer 12 x 330ml,"£11.50with Nectar
£13.00£3.28 / ltr",
low-and-no-alcohol,Corona Cero 0.0% Alcohol Free Beer 12 x 330ml,"£9.00with Nectar
£12.50£3.16 / ltr",
low-and-no-alcohol,Lucky Saint 0.5% Low Alcohol Lager 4 x 330ml,£6.00£4.55 / ltr,
low-and-no-alcohol,Erdinger Alkoholfrei 0.5% Low Alcohol Wheat Beer 500ml,£2.00£4.00 / ltr,
low-and-no-alcohol,Birra Moretti Zero 0.0% Alcohol Free Beer Bottle 4 x 330ml,£5.25£3.98 / ltr,
low-and-no-alcohol,Beck's Blue 0.0% Alcohol Free Beer Bottles x6 275ml,£4.50£2.73 / ltr,
low-and-no-alcohol,Corona Cero 0.0% Alcohol Free 4 x 330ml,"£4.00with Nectar
£5.00£3.79 / ltr",
low-and-no-alcohol,Estrella Damm Alcohol Free Beer Barcelona 440ml,£5.00£2.84 / ltr,
low-and-no-alcohol,McGuigan Zero Sauvignon Blanc 0.0% Alcohol Free Australian W...,"£3.75with Nectar
£4.50£4.50 / 75cl",
low-and-no-alcohol,BrewDog Punk 0.5% Low Alcohol IPA 4 x 330ml,"£4.00with Nectar
£5.00£3.79 / ltr",
low-and-no-alcohol,"Nozeco 0.5% Low Alcohol Fine Sparkling Wine Based Drink, Spe...",£3.50£3.50 / 75cl,
low-and-no-alcohol,Heineken 0.0% Alcohol Free Premium Lager Beer Bottle 12 x 33...,£11.50£2.90 / ltr,
low-and-no-alcohol,Leffe Blonde 0.0% Alcohol Free Beer Bottles 6 x 250ml,£5.00£3.33 / ltr,
low-and-no-alcohol,Adnams Southwold Ghost Ship 0.5% Low Alcohol Beyond the Pale...,"£1.35with Nectar
£1.65£3.30 / ltr",
low-and-no-alcohol,BrewDog 0.5% Low Alcohol Mixed Pack 8 x 330ml,"£8.00with Nectar
£10.00£3.79 / ltr",
low-and-no-alcohol,Thatchers 0.0% Alcohol Free Cider Cans 4 x 440ml,"£3.75with Nectar
£4.00£2.27 / ltr",
low-and-no-alcohol,Beavertown Lazer Crush 0.3% Alcohol Free IPA 4 x 330ml,"£5.00with Nectar
£6.50£4.92 / ltr",
low-and-no-alcohol,Proper Job 0.5% Low Alcohol IPA,£1.90£3.80 / ltr,
low-and-no-alcohol,Thatchers Zero 0.0% Alcohol Free Cider 500ml,£2.00£4.00 / ltr,
low-and-no-alcohol,Lucky Saint Hazy IPA 0.5% Low Alcohol Can 4 x 330ml,£6.00£4.55 / ltr,
low-and-no-alcohol,Sainsbury's 0.0% Alcohol Free Red Wine Based Drink 75cl,£3.50£3.50 / 75cl,
low-and-no-alcohol,Kopparberg 0.0% Alcohol Free Premium Cider Pear 500ml,£1.60£3.20 / ltr,
low-and-no-alcohol,McGuigan Zero 0.0% Alcohol Free Australian Rose Wine Based D...,"£3.75with Nectar
£4.50£4.50 / 75cl",
low-and-no-alcohol,Kopparberg 0.0% Alcohol Free Mixed Fruit Cider 500ml,"£1.50with Nectar
£1.75£3.50 / ltr",
low-and-no-alcohol,Inch’s 0.0% Alcohol Free Apple Cider Cans 4 x 440ml,£4.00£2.27 / ltr,
low-and-no-alcohol,San Miguel 0.0% Alcohol Free Lager Beer Bottles 4 x 330ml,£4.75£3.60 / ltr,
low-and-no-alcohol,Sainsbury's Medium Dry Low Alcohol Apple Cider 500ml,£1.75£3.50 / ltr,
low-and-no-alcohol,BrewDog Wingman 0.5% Low Alcohol Session IPA 4 x 330ml,£5.00£3.79 / ltr,
low-and-no-alcohol,Freixenet 0.0% Alcohol Free Sparkling Rose Wine Based Drink ...,£5.00£5.00 / 75cl,
low-and-no-alcohol,Freixenet 0.0% Alcohol Free Sparkling Wine Based Drink 75cl,£5.00£5.00 / 75cl,
low-and-no-alcohol,Infinite Session 0.5% Low Alcohol IPA 4 x 330ml,£4.50£3.41 / ltr,
low-and-no-alcohol,Brooklyn Special Effects Alcohol Free Lager Beer Cans 4 x 33...,"£4.00with Nectar
£4.50£3.41 / ltr",
low-and-no-alcohol,Kylie Minogue 0.0% Alcohol Free Sparkling Rose Wine Based Dr...,£6.25£6.25 / 75cl,
low-and-no-alcohol,Sainsbury's 0.0% Alcohol Free White Wine Based Drink 75cl,£3.50£3.50 / 75cl,
low-and-no-alcohol,Stella Artois 0.0% Alcohol Free Premium Lager Beer Bottles 4...,"£3.00with Nectar
£4.00£3.03 / ltr",
low-and-no-alcohol,Sainsbury's 0.0% Alcohol Free Rose Wine Based Drink 75cl,£3.50£3.50 / 75cl,
low-and-no-alcohol,Nozeco 0.5% Low Alcohol Fine Sparkling Rose Wine Based Drink...,£3.50£3.50 / 75cl,
low-and-no-alcohol,Gordon's 0.0% Alcohol Free 70cl,£15.50£22.14 / ltr,
low-and-no-alcohol,Kopparberg 0.0% Alcohol Free Premium Cider with Strawberry &...,"£3.25with Nectar
£4.00£3.03 / ltr",
low-and-no-alcohol,Shloer Pink Non Alcoholic Bubbly Sparkling Juice Drink 750ml,£4.0053p / 100ml,
low-and-no-alcohol,McGuigan Zero 0.0% Alcohol Free Shiraz Wine Based Drink 75cl,£4.50£4.50 / 75cl,
low-and-no-alcohol,Tanqueray 0.0% Alcohol Free Spirit 70cl,£17.50£25.00 / ltr,
low-and-no-alcohol,Gordon's 0.0% Alcohol Free Spirit & Tonic with a Hint of Lim...,£1.80£7.20 / ltr,
low-and-no-alcohol,Doom Bar 0.0% Alcohol Free Amber Ale 500ml,£2.15£4.30 / ltr,
low-and-no-alcohol,Fever-Tree 0.5% Low Alcohol Italian Spritz 25cl,£1.90£7.60 / ltr,
low-and-no-alcohol,Sainsbury's Blanc de Blanc 0.5% Low Alcohol Sparkling Chardo...,£4.25£4.25 / 75cl,
low-and-no-alcohol,Madri Excepcional Zero Bottle 4 x 330ml,"£4.00with Nectar
£4.75£3.60 / ltr",
low-and-no-alcohol,Kopparberg 0.0% Alcohol Free Cider Strawberry & Lime 50cl,£1.75£3.50 / ltr,
low-and-no-alcohol,Tanqueray Flor de Sevilla 0.0% Alcohol Free Spirit 70cl,"£15.00with Nectar
£17.50£25.00 / ltr",
low-and-no-alcohol,Crodino Nat 0.00% Alcohol Free x4 175ml,"£6.00with Nectar
£8.00£11.43 / ltr",
low-and-no-alcohol,Wolf Blass Zero Sauvignon Blanc 0.5% Low Alcohol Wine Based ...,"£5.00with Nectar
£5.75£5.75 / 75cl",
low-and-no-alcohol,Martini Vibrante 0.0% Alcohol Free Aperitivo 75cl,£10.00£13.33 / ltr,
low-and-no-alcohol,Fever-Tree G&T 0.5% Low Alcohol Mediterranean 25cl,£1.90£7.60 / ltr,
low-and-no-alcohol,Lucky Saint 0.5% Low Alcohol Unfiltered Lager 500ml,£2.40£4.80 / ltr,
mixers-and-adult-soft-drinks,San Pellegrino Orange 4 x 330ml,£3.5027p / 100ml,
mixers-and-adult-soft-drinks,San Pellegrino Lemon 4 x 330ml,£3.5027p / 100ml,
mixers-and-adult-soft-drinks,Fanta Orange 18x330ml,"£7.50with Nectar
£8.5014p / 100ml",
mixers-and-adult-soft-drinks,Sainsbury's Pure Apple Juice 1L,£1.6016p / 100ml,
mixers-and-adult-soft-drinks,Sainsbury's Pure Orange Juice 1L,£1.9019p / 100ml,
mixers-and-adult-soft-drinks,Tropicana Pure Smooth Orange Fruit Juice 1.5L,"£3.50with Nectar
£4.5030p / 100ml",
mixers-and-adult-soft-drinks,Sainsbury's Soda Water 1L,85p9p / 100ml,
mixers-and-adult-soft-drinks,Sainsbury's Diet Indian Tonic Water 1L,85p9p / 100ml,
mixers-and-adult-soft-drinks,Tropicana Pure Smooth Orange Fruit Juice 900ml,£3.2536p / 100ml,
mixers-and-adult-soft-drinks,Sainsbury's Indian Tonic Water 1L,85p9p / 100ml,
mixers-and-adult-soft-drinks,Schweppes Slimline Tonic Water 1L,£1.8519p / 100ml,
mixers-and-adult-soft-drinks,Appletiser Sparkling Apple Juice 6 x 250ml,"£3.25with Nectar
£5.0033p / 100ml",
mixers-and-adult-soft-drinks,Schweppes Slimline Tonic Water 12x150ml,£6.1034p / 100ml,
mixers-and-adult-soft-drinks,Sainsbury's Pineapple Juice 1L,£1.5015p / 100ml,
mixers-and-adult-soft-drinks,Robinsons Crushed Lime & Mint Fruit Cordial 500ml,£3.3066p / 100ml,
mixers-and-adult-soft-drinks,Fever-Tree Light Tonic Water 8x150ml,£5.2043p / 100ml,
mixers-and-adult-soft-drinks,Sainsbury's Diet Indian Tonic Water with Lemon 1L,85p9p / 100ml,
mixers-and-adult-soft-drinks,Schweppes Tonic Water 1L,£1.8519p / 100ml,
mixers-and-adult-soft-drinks,J2O Orange & Passion Fruit Cans 4x250ml,£3.2533p / 100ml,
mixers-and-adult-soft-drinks,Schweppes Slimline Lemonade 2L,"£1.40with Nectar
£1.558p / 100ml",
mixers-and-adult-soft-drinks,Lipton Ice Tea Peach Flavoured Still Soft Drink 1.25L,£2.2518p / 100ml,
mixers-and-adult-soft-drinks,J2O Apple & Raspberry Cans 4x250ml,£3.2533p / 100ml,
mixers-and-adult-soft-drinks,Rose's Lime Juice Cordial 1L,£2.8028p / 100ml,
mixers-and-adult-soft-drinks,Schweppes Tonic Water 12x150ml,£6.1034p / 100ml,
mixers-and-adult-soft-drinks,Sainsbury's Tomato Juice 1L,£1.4515p / 100ml,
mixers-and-adult-soft-drinks,Bottlegreen Elderflower Cordial 500ml,£4.5090p / 100ml,
mixers-and-adult-soft-drinks,Sainsbury's Diet Indian Tonic Water with Lime 1L,85p9p / 100ml,
mixers-and-adult-soft-drinks,Belvoir Farm Elderflower Cordial 500ml,"£3.50with Nectar
£4.2585p / 100ml",
mixers-and-adult-soft-drinks,San Pellegrino Blood Orange 4 x 330ml,£3.5027p / 100ml,
mixers-and-adult-soft-drinks,"Sainsbury's English Elderflower Cordial, Taste the Differenc...",£2.9559p / 100ml,
mixers-and-adult-soft-drinks,Tropicana Pure Orange Fruit Juice with Extra Juicy Bits 1.5L,"£3.50with Nectar
£4.5030p / 100ml",
mixers-and-adult-soft-drinks,Fever-Tree Light Mediterranean Tonic Water 8x150ml,£5.2043p / 100ml,
mixers-and-adult-soft-drinks,Diet Coke 12x150ml,£6.1034p / 100ml,
mixers-and-adult-soft-drinks,Belvoir Farm Ginger Cordial 500ml,"£3.50with Nectar
£4.2585p / 100ml",
mixers-and-adult-soft-drinks,Fever-Tree Premium Indian Tonic Water 8x150ml,£5.4545p / 100ml,
mixers-and-adult-soft-drinks,Sainsbury's Cranberry Juice Drink 1L,£1.6016p / 100ml,
mixers-and-adult-soft-drinks,Coca-Cola Original Taste 12x150ml,£6.7538p / 100ml,
mixers-and-adult-soft-drinks,Aqua Libra Sparkling Water Infused with Raspberry & Blackcur...,"£2.50with Nectar
£3.5027p / 100ml",
mixers-and-adult-soft-drinks,"Sainsbury's Cranberry & Raspberry Juice Drink, No Added Suga...",£1.6016p / 100ml,
mixers-and-adult-soft-drinks,Ocean Spray Cranberry Classic 1L,£1.9019p / 100ml,
mixers-and-adult-soft-drinks,Tropicana Original Orange with Juicy Bits 1.5L,"£3.50with Nectar
£4.5030p / 100ml",
mixers-and-adult-soft-drinks,Appletiser Sparkling Apple Juice 750ml,£3.6549p / 100ml,
mixers-and-adult-soft-drinks,Tropicana Pure Smooth Orange Fruit Juice 500ml,"£1.50with Nectar
£2.0040p / 100ml",
mixers-and-adult-soft-drinks,Tropicana Tropical Fruits 1.5L,"£3.50with Nectar
£4.5030p / 100ml",
mixers-and-adult-soft-drinks,Lipton Ice Tea Lemon Flavoured Still Soft Drink 1.25L,£2.2518p / 100ml,
mixers-and-adult-soft-drinks,Schweppes Soda Water 1L,£1.8519p / 100ml,
mixers-and-adult-soft-drinks,"Sainsbury's Dry Ginger Ale, Diet 1L",85p9p / 100ml,
mixers-and-adult-soft-drinks,Tropicana Original Orange Juice with Bits 900ml,£3.2536p / 100ml,
mixers-and-adult-soft-drinks,Ocean Spray Cranberry Classic Light 1L,£1.9019p / 100ml,
mixers-and-adult-soft-drinks,Aqua Libra Sparkling Water Infused with Cucumber Mint & Lime...,"£2.50with Nectar
£3.5027p / 100ml",
mixers-and-adult-soft-drinks,"Sainsbury's Bitter Lemon, Diet 1L",85p9p / 100ml,
mixers-and-adult-soft-drinks,"Ocean Spray Juice Drink, Cranberry & Blackcurrant 1L",£1.9019p / 100ml,
mixers-and-adult-soft-drinks,Sainsbury's Dry Ginger Ale 1L,85p9p / 100ml,
mixers-and-adult-soft-drinks,Fever-Tree Light Tonic Water 500ml,"£1.80with Nectar
£2.3547p / 100ml",
mixers-and-adult-soft-drinks,Schweppes Original Lemonade 12x150ml,£6.1034p / 100ml,
mixers-and-adult-soft-drinks,Tropicana Sensations Pineapple Fruit Juice 850ml,£3.5041p / 100ml,
mixers-and-adult-soft-drinks,Hip Pop Apple & Elderflower Kombucha 4x330ml,£5.2540p / 100ml,
mixers-and-adult-soft-drinks,One Living Ginger Kombucha with Turmeric 4x250ml,£5.2553p / 100ml,
mixers-and-adult-soft-drinks,Nexba Naturally Sugar Free Elderflower & Lemon Kombucha 1L,£3.5035p / 100ml,
mixers-and-adult-soft-drinks,Trip CBD Infused Elderflower Mint 4x250ml,£6.6066p / 100ml,
sports-energy-and-wellbeing,Monster Energy Drink Zero Sugar 9x500ml,£10.5023p / 100ml,
sports-energy-and-wellbeing,Monster Energy Drink Ultra Zero Sugar 9x500ml,£10.5023p / 100ml,
sports-energy-and-wellbeing,Lucozade Sport Drink Raspberry 4x500ml,£4.0020p / 100ml,
sports-energy-and-wellbeing,Actimel Strawberry Cultured Yogurt Drink 8x100g,"£2.00with Nectar
£3.7547p / 100g",
sports-energy-and-wellbeing,Biotiful Gut Health Kefir Milk Drink Original 1L,£3.5035p / 100ml,
sports-energy-and-wellbeing,Actimel Multifruit Cultured Yogurt Drink 8x100g,"£2.00with Nectar
£3.7547p / 100g",
sports-energy-and-wellbeing,Actimel Strawberry Cultured Yogurt Drink 12x100g,£4.5038p / 100g,
sports-energy-and-wellbeing,Benecol Raspberry No Added Sugar Yogurt Drink 6x67.5g,"£3.75with Nectar
£4.30£1.06 / 100g",
sports-energy-and-wellbeing,Actimel Blueberry Cultured Yogurt Drink 8x100g,"£2.00with Nectar
£3.7547p / 100g",
sports-energy-and-wellbeing,Sainsbury's Cholesterol Lowering Drink Strawberry 6x100g,£3.0050p / 100g,
sports-energy-and-wellbeing,Actimel Multifruit Cultured Yogurt Drink 12x100g,£4.5038p / 100g,
sports-energy-and-wellbeing,Lucozade Energy Drink Original 4x380ml,£3.2521p / 100ml,
sports-energy-and-wellbeing,Lucozade Sport Drink Orange 4x500ml,£4.0020p / 100ml,
sports-energy-and-wellbeing,Actimel Strawberry Blueberry Cultured Yogurt Drink 12x100g,£4.5038p / 100g,
sports-energy-and-wellbeing,Benecol Peach & Apricot No Added Sugar Yogurt Drink 6x67.5g,"£3.75with Nectar
£4.30£1.06 / 100g",
sports-energy-and-wellbeing,Benecol Original No Added Sugar Yogurt Drink 6x67.5g,"£3.75with Nectar
£4.30£1.06 / 100g",
sports-energy-and-wellbeing,Benecol Yogurt Drink Strawberry 6x67.5g,"£3.75with Nectar
£4.30£1.06 / 100g",
sports-energy-and-wellbeing,Biotiful Gut Health Kefir Milk Drink Original 500ml,£2.6052p / 100ml,
sports-energy-and-wellbeing,Actimel Strawberry 0% Added Sugar Fat Free Yogurt Drink 8x10...,"£2.00with Nectar
£3.7547p / 100g",
sports-energy-and-wellbeing,Benecol Yogurt Drink Blueberry 6x67.5g,"£3.75with Nectar
£4.30£1.06 / 100g",
sports-energy-and-wellbeing,GetPro 25g Strawberry High Protein Yoghurt Drink 300g,"£1.50with Nectar
£2.0067p / 100g",
sports-energy-and-wellbeing,Lucozade Energy Drink Orange 4x380ml,£3.2521p / 100ml,
sports-energy-and-wellbeing,Actimel Original 0% Added Sugar Fat Free Yogurt Drink 8x100g,"£2.00with Nectar
£3.7547p / 100g",
sports-energy-and-wellbeing,Evian Natural Bottled Mineral Still Water 4x750ml,"£2.80with Nectar
£3.9013p / 100ml",
sports-energy-and-wellbeing,Pro Mlk Chocolate Protein Shake 330ml,"£1.00with Nectar
£1.1535p / 100ml",
sports-energy-and-wellbeing,Biotiful Gut Health Kefir Milk Drink Strawberry 1L,£3.5035p / 100ml,
sports-energy-and-wellbeing,Sainsbury's Cholesterol Lowering Drink Original 6x100g,£3.0050p / 100g,
sports-energy-and-wellbeing,Biotiful Gut Health Kefir Milk Drink Cherry 500ml,£2.6052p / 100ml,
sports-energy-and-wellbeing,James White Beet It Organic Beetroot Juice 1L,£3.3033p / 100ml,
sports-energy-and-wellbeing,Lucozade Energy Drink Original 900ml,£1.7519p / 100ml,
sports-energy-and-wellbeing,Actimel Original 0% Added Sugar Fat Free Yogurt Drink 12x100...,£4.5038p / 100g,
sports-energy-and-wellbeing,Monster Energy Drink Ultra Zero Sugar 4x 500ml,£5.8529p / 100ml,
sports-energy-and-wellbeing,Pro Mlk Strawberry Protein Shake 330ml,"£1.00with Nectar
£1.1535p / 100ml",
sports-energy-and-wellbeing,Lucozade Sport Drink Jude Ice Kick 4 x 500ml,£4.0020p / 100ml,
sports-energy-and-wellbeing,Nexba Naturally Sugar Free Elderflower & Lemon Kombucha 1L,£3.5035p / 100ml,
sports-energy-and-wellbeing,Trip CBD Infused Elderflower Mint 4x250ml,£6.6066p / 100ml,
sports-energy-and-wellbeing,Lucozade Energy Drink Orange 900ml,£1.7519p / 100ml,
sports-energy-and-wellbeing,Tropicana Fresh & Light Morning Orange Juice Blend Drink 850...,"£2.00with Nectar
£2.7532p / 100ml",
sports-energy-and-wellbeing,Lucozade Zero Pink Lemonade 4x380ml,£3.2521p / 100ml,
sports-energy-and-wellbeing,Trip CBD Infused Peach Ginger 4x250ml,£6.5065p / 100ml,
sports-energy-and-wellbeing,Biotiful Gut Health Kefir Milk Drink Vanilla 1L,£3.5035p / 100ml,
sports-energy-and-wellbeing,Red Bull Energy Drink 250ml x8,£10.1551p / 100ml,
sports-energy-and-wellbeing,Red Bull Energy Drink Sugar Free 250ml x8,£9.7549p / 100ml,
sports-energy-and-wellbeing,Nexba Kombucha Live Naturally Sugar Free Sparkling Probiotic...,£3.5035p / 100ml,
sports-energy-and-wellbeing,Tropicana Fresh & Light Apple Juice Blend Drink 850ml,"£2.00with Nectar
£2.7532p / 100ml",
sports-energy-and-wellbeing,Actimel Triple Action Strawberry & Pomegranate Yoghurt Drink...,£3.8548p / 100g,
sports-energy-and-wellbeing,Biotiful Gut Health Kefir Milk Drink Mango 500ml,£2.6052p / 100ml,
sports-energy-and-wellbeing,Sainsbury's Blue Bolt Zero 6x250ml,£3.5023p / 100ml,
sports-energy-and-wellbeing,Tropicana Multivit Boost 850ml,"£2.00with Nectar
£3.5041p / 100ml",
sports-energy-and-wellbeing,Monster Energy Drink Mango Loco 4x500ml,£6.4532p / 100ml,
sports-energy-and-wellbeing,"Twinings Superblends Sleep with Spiced Apple & Camomile, 20 ...","£2.50with Nectar
£3.50£11.67 / 100g",
sports-energy-and-wellbeing,Actimel Triple Action 100% Vitamin D Blueberry & Blackberry ...,£3.8548p / 100g,
sports-energy-and-wellbeing,Goodrays Natural CBD Mixed Pack Infused Sparkling Drink 4x25...,"£6.00with Nectar
£7.5075p / 100ml",
sports-energy-and-wellbeing,Pro Mlk Vanilla Protein Shake 330ml,"£1.00with Nectar
£1.1535p / 100ml",
sports-energy-and-wellbeing,Tropicana Fresh & Light Tropical Juice Blend Drink 850ml,"£2.00with Nectar
£2.7532p / 100ml",
sports-energy-and-wellbeing,Biotiful Gut Health Raspberry Kefir Milk Drink 500ml,£2.6052p / 100g,
sports-energy-and-wellbeing,Lucozade Energy Orange Multipack 8x380ml,£4.6015p / 100ml,
sports-energy-and-wellbeing,Lucozade Energy Drink Caribbean Crush 4x380ml,£3.2521p / 100ml,
sports-energy-and-wellbeing,Monster Energy Drink Lando Norris Zero Sugar 4 x 500ml,£5.6028p / 100ml,
sports-energy-and-wellbeing,Red Bull Energy Drink Sugar Free White Peach Edition 4x 250m...,"£3.50with Nectar
£5.0050p / 100ml",
milk-and-milk-drinks,GetPro 25g Strawberry High Protein Yoghurt Drink 300g,"£1.50with Nectar
£2.0067p / 100g",
milk-and-milk-drinks,Muller Frijj Fudge Brownie Big Bottle Milkshake 950ml,£2.5026p / 100ml,
milk-and-milk-drinks,Ufc Refresh Coconut Water 1L,"£2.20with Nectar
£2.8028p / 100ml",
milk-and-milk-drinks,Sainsbury's British Semi Skimmed Milk 2.27L (4 pint),£1.6573p / ltr,
milk-and-milk-drinks,Sainsbury's British Semi Skimmed Milk 1.13L (2 pint),£1.20£1.06 / ltr,
milk-and-milk-drinks,Sainsbury's British Whole Milk 2.27L (4 pint),£1.6573p / ltr,
milk-and-milk-drinks,Sainsbury's British Skimmed Milk 2.27L (4 pint),£1.6573p / ltr,
milk-and-milk-drinks,Cravendale Filtered Fresh Semi Skimmed Milk 2L Fresher for L...,£2.90£1.45 / ltr,
milk-and-milk-drinks,Sainsbury's British Semi Skimmed Milk 3.4L (6 pint),£2.4070p / ltr,
milk-and-milk-drinks,Sainsbury's British Whole Milk 1.13L (2 pint),£1.20£1.06 / ltr,
milk-and-milk-drinks,Sainsbury's British Skimmed Milk 1.13L (2 pint),£1.20£1.06 / ltr,
milk-and-milk-drinks,"Sainsbury's British Semi Skimmed Milk, SO Organic 2.27L (4 p...",£2.2599p / ltr,
milk-and-milk-drinks,Sainsbury's British Semi Skimmed Milk 1 Pint,85p£1.50 / ltr,
milk-and-milk-drinks,Sainsbury's British Filtered Semi Skimmed Milk 2L,£2.10£1.05 / ltr,
milk-and-milk-drinks,Sainsbury's Everyday Lactose Free Semi Skimmed Dairy Drink 1...,£1.35£1.35 / ltr,
milk-and-milk-drinks,Oatly Oat Drink Barista Edition Long Life 1L,£2.20£2.20 / ltr,
milk-and-milk-drinks,Sainsbury's British Whole Milk 3.4L (6 pint),£2.4070p / ltr,
milk-and-milk-drinks,Cravendale Filtered Fresh Semi Skimmed Milk Fresher for Long...,"£1.40with Nectar
£1.75£1.75 / ltr",
milk-and-milk-drinks,Alpro Almond Milk No Sugars Chilled Dairy Alternative 1L,"£1.50with Nectar
£2.00£2.00 / ltr",
milk-and-milk-drinks,Alpro Oat Milk No Sugars Chilled Dairy Alternative 1L,"£1.50with Nectar
£2.00£2.00 / ltr",
milk-and-milk-drinks,Cravendale Filtered Fresh Whole Milk 2L Fresher for Longer,£2.90£1.45 / ltr,
milk-and-milk-drinks,Arla Bob Skimmed Milk Tastes like Semi Skimmed 2L,£2.90£1.45 / ltr,
milk-and-milk-drinks,"Sainsbury's British Semi Skimmed Milk, SO Organic 1.13L (2 p...",£1.85£1.63 / ltr,
milk-and-milk-drinks,Sainsbury's British Whole Milk 568ml (1 pint),85p£1.50 / ltr,
milk-and-milk-drinks,Califia Farms Oat Drink Barista Blend 1L,"£1.50with Nectar
£2.10£2.10 / ltr",
milk-and-milk-drinks,Sainsbury's Semi Skimmed British Milk 1L,99p99p / ltr,
milk-and-milk-drinks,Arla Lactofree Semi Skimmed Milk Drink 1L,"£1.50with Nectar
£1.85£1.85 / ltr",
milk-and-milk-drinks,Sainsbury's Unsweetened Long Life Soya Drink 1L,85p85p / ltr,
milk-and-milk-drinks,Yeo Valley Organic Fresh Whole Milk 2L,£3.05£1.53 / ltr,
milk-and-milk-drinks,Biotiful Gut Health Kefir Milk Drink Original 1L,£3.5035p / 100ml,
milk-and-milk-drinks,Sainsbury's Unsweetened Long Life Almond Drink 1L,99p99p / ltr,
milk-and-milk-drinks,"Sainsbury's British Whole Milk, SO Organic 1.13L (2 pint)",£1.85£1.63 / ltr,
milk-and-milk-drinks,Oatly Oat Drink Whole Chilled 1L,£2.20£2.20 / ltr,
milk-and-milk-drinks,Sainsbury's British Filtered Whole Milk 2L,£2.10£1.05 / ltr,
milk-and-milk-drinks,Cravendale Filtered Fresh Skimmed Milk Fresher for Longer 2L,£2.90£1.45 / ltr,
milk-and-milk-drinks,Dairy Pride Semi-Skimmed Longer Lasting UHT Milk 1 Litre,69p69p / ltr,
milk-and-milk-drinks,Sainsbury's British Skimmed Milk 568ml (1 pint),85p£1.50 / ltr,
milk-and-milk-drinks,Alpro Almond Milk No Sugars Long Life Dairy Alternative 1L,£2.10£2.10 / ltr,
milk-and-milk-drinks,Alpro Soya Milk No Sugars Chilled Dairy Alternative 1L,£2.00£2.00 / ltr,
milk-and-milk-drinks,Plenish Organic Almond Dairy Alternative Long Life Drink 1L,£2.35£2.35 / ltr,
milk-and-milk-drinks,Oatly Oat Drink Barista Edition Chilled 1L,"£1.70with Nectar
£2.20£2.20 / ltr",
milk-and-milk-drinks,Sainsbury's Chocolate Milkshake 1L,£1.1011p / 100ml,
milk-and-milk-drinks,Oatly Oat Drink Semi Chilled 1L,£2.20£2.20 / ltr,
milk-and-milk-drinks,Sainsbury's Whole British Milk 1L,99p99p / ltr,
milk-and-milk-drinks,Alpro Barista Oat Milk Long Life Dairy Alternative 1L,"£1.50with Nectar
£2.10£2.10 / ltr",
milk-and-milk-drinks,Sainsbury's Skimmed Long Life Milk 6x1L,£5.9499p / ltr,
milk-and-milk-drinks,Sainsbury's Skimmed Milk 1L,99p99p / ltr,
milk-and-milk-drinks,Graham's Gold Jersey Full Cream Milk 1L,£1.95£1.95 / ltr,
milk-and-milk-drinks,Cravendale Filtered Fresh Whole Milk Fresher for Longer 1L,"£1.40with Nectar
£1.75£1.75 / ltr",
milk-and-milk-drinks,Oatly Organic Oat Drink Long Life 1L,£2.00£2.00 / ltr,
milk-and-milk-drinks,Oatly Semi Oat Drink Long Life 1L,"£1.50with Nectar
£1.90£1.90 / ltr",
milk-and-milk-drinks,Alpro Soya Milk Chilled Dairy Alternative 1L,£2.00£2.00 / ltr,
milk-and-milk-drinks,Dairy Pride UHT Skimmed Milk 1L,69p69p / ltr,
milk-and-milk-drinks,Alpro Soya Milk No Sugars Long Life Dairy Alternative 1L,£2.10£2.10 / ltr,
milk-and-milk-drinks,Oatly Whole Long Life Oat Drink 1L,"£1.50with Nectar
£1.90£1.90 / ltr",
milk-and-milk-drinks,Arla Big Milk Fresh Whole Vitamin Enriched for Kids 1+ 2L,£3.10£1.55 / ltr,
milk-and-milk-drinks,St Helen's Farm Whole Goats Milk 1L,£2.15£2.15 / ltr,
milk-and-milk-drinks,Sainsbury's Everyday Lactose Free Skimmed Dairy Drink 1L,£1.35£1.35 / ltr,
milk-and-milk-drinks,Sainsbury's Strawberry Milkshake 1L,£1.1011p / 100ml,
milk-and-milk-drinks,Happy Monkey Chocolate Milkshakes 3x200ml,"£1.00with Nectar
£1.2020p / 100ml",
biscuits-and-crackers,Maryland Cookies Chocolate Chip Minis x6,"85pwith Nectar
£1.50£1.26 / 100g",
biscuits-and-crackers,Fox's Biscuits Party Rings Minis x6,"85pwith Nectar
£1.50£1.19 / 100g",
biscuits-and-crackers,KitKat 2 Finger Milk Chocolate Biscuit Bar Multipack 8 x 20....,"£1.65with Nectar
£2.20£1.33 / 100g",
biscuits-and-crackers,Sainsbury's Custard Creams 200g,30p15p / 100g,
biscuits-and-crackers,Sainsbury's Highland All Butter Shortbread Finger Biscuits 2...,£1.0553p / 100g,
biscuits-and-crackers,Cadbury Timeout Wafer Chocolate Biscuit Bars Pack 6 x 18g,£1.65£1.53 / 100g,
biscuits-and-crackers,Sainsbury's Bourbon 200g,50p25p / 100g,
biscuits-and-crackers,Sainsbury's Rich Tea Biscuits 200g,50p25p / 100g,
biscuits-and-crackers,Sainsbury's Milk Chocolate Digestives 300g,£1.2542p / 100g,
biscuits-and-crackers,Jammie Dodgers Biscuits Raspberry Flavour 140g,"50pwith Nectar
90p64p / 100g",
biscuits-and-crackers,Cadbury Dairy Milk Fingers Milk Chocolate Covered Biscuits 1...,"£1.50with Nectar
£2.25£1.97 / 100g",
biscuits-and-crackers,Sainsbury's Malted Milk Biscuits 200g,49p25p / 100g,
biscuits-and-crackers,Go Ahead Apple Fruit & Oat Bakes Snack Bars Multipack 6x35g,£2.0095p / 100g,
biscuits-and-crackers,KitKat 2 Finger Milk Chocolate Biscuit Bar Multipack 12 x 20...,£2.95£1.19 / 100g,
biscuits-and-crackers,McVitie's Digestives The Original Biscuits Twin Pack 2x360g,£3.2044p / 100g,
biscuits-and-crackers,Fox's Biscuits Golden Crunch Creams 200g,£1.3065p / 100g,
biscuits-and-crackers,Sainsbury's Ginger Snaps 300g,59p20p / 100g,
biscuits-and-crackers,McVitie's Penguin Original Biscuit Bar Multipack 7 x 24.6g,"£1.00with Nectar
£2.00£1.16 / 100g",
biscuits-and-crackers,Fox's Biscuits Viennese Milk Chocolate,£1.95£1.63 / 100g,
biscuits-and-crackers,Sainsbury's Digestives 400g,59p15p / 100g,
biscuits-and-crackers,Oreo Original Cocoa Sandwich Cookies with Vanilla Flavour Fi...,"75pwith Nectar
£1.5097p / 100g",
biscuits-and-crackers,"Sainsbury's Triple Belgian Chocolate Cookies, Taste the Diff...","£1.60with Nectar
£2.0050p / ea",
biscuits-and-crackers,"Fox's Rocky Chocolate Biscuit Bars Multipack, 7 Pack, 7x19g","£1.00with Nectar
£1.50£1.10 / 100g",
biscuits-and-crackers,McVitie's Milk Chocolate Digestives Biscuits Twin Pack 2x316...,"£3.00with Nectar
£4.0063p / 100g",
biscuits-and-crackers,McVitie's Jaffa Cakes Original Biscuits x10,£1.50£1.36 / 100g,
biscuits-and-crackers,Maryland Cookies Chocolate Chip 200g,£1.7085p / 100g,
biscuits-and-crackers,Jammie Dodgers Biscuits Minis x6,"85pwith Nectar
£1.50£1.25 / 100g",
biscuits-and-crackers,Tunnock's Caramel Wafers x8,£2.75£1.15 / 100g,
biscuits-and-crackers,Wagon Wheels Jammie Chocolate Biscuit Bars x6,"£1.10with Nectar
£1.3559p / 100g",
biscuits-and-crackers,McVitie's Club Orange Biscuit Bars Multipack 7 x 22g,"£1.50with Nectar
£2.00£1.24 / 100g",
biscuits-and-crackers,McVitie's Digestives The Original Biscuits 360g,£1.9053p / 100g,
biscuits-and-crackers,McVitie's Ginger Nut Biscuits 250g,£1.6064p / 100g,
biscuits-and-crackers,McVitie's Jaffa Cakes Original Twin Pack Biscuits x20,"£1.85with Nectar
£2.50£1.05 / 100g",
biscuits-and-crackers,Toffee Crisp Milk Chocolate Biscuit Bar Multipack x7,£1.35£1.03 / 100g,
biscuits-and-crackers,Sainsbury's Chocolate Chip Cookies 250g,£1.1044p / 100g,
biscuits-and-crackers,Fox's Biscuits Chocolatey Milk Chocolate Rounds 130g,"£1.65with Nectar
£2.25£1.73 / 100g",
biscuits-and-crackers,Sainsbury's Nice Biscuits 200g,49p25p / 100g,
biscuits-and-crackers,McVitie's Milk Chocolate Digestives Biscuits 266g,"£1.50with Nectar
£2.2585p / 100g",
biscuits-and-crackers,Bahlsen Pick Up! Milk Chocolate Biscuit Bars 5x28g,"£1.25with Nectar
£2.00£1.43 / 100g",
biscuits-and-crackers,KitKat 2 Finger Dark Chocolate Biscuit Bar Multipack 8 x 20....,"£1.65with Nectar
£2.20£1.33 / 100g",
biscuits-and-crackers,Sainsbury's Fig Rolls 200g,49p25p / 100g,
biscuits-and-crackers,Tunnock's Milk Chocolate Teacakes Biscuits x10,£2.75£1.72 / 100g,
biscuits-and-crackers,Sainsbury's Jam Sandwich Creams 150g,55p37p / 100g,
biscuits-and-crackers,Blue Riband Original Milk Chocolate Wafer Biscuit Bar Multip...,£1.0093p / 100g,
biscuits-and-crackers,McVitie's Digestives Milk Chocolate Biscuits 433g,£3.5081p / 100g,
biscuits-and-crackers,Sainsbury's Dark Chocolate Digestives 300g,£1.2542p / 100g,
biscuits-and-crackers,Sainsbury's Biscuit Variety Pack 700g,£1.9027p / 100g,
biscuits-and-crackers,Fox's Biscuits Chunkie Half Coated Chocolate Cookies 175g,"£1.65with Nectar
£2.40£1.37 / 100g",
biscuits-and-crackers,Cadbury Chocolate Mini Fingers Biscuits Multipack 5 x 19.3g,£1.50£1.55 / 100g,
biscuits-and-crackers,Belvita Cocoa Chocolate Chip Cereal Biscuit Snack Bars Pack ...,"£1.00with Nectar
£1.2556p / 100g",
biscuits-and-crackers,McVitie's Dark Chocolate Digestives Biscuits Twin Pack 2x316...,"£3.00with Nectar
£4.0063p / 100g",
biscuits-and-crackers,McVitie's Jaffa Cakes Original Triple Pack Biscuits x33,£3.7593p / 100g,
biscuits-and-crackers,Sainsbury's Milk Chocolate Cookies x5,£1.5030p / ea,
biscuits-and-crackers,McVitie's Jaffa Cakes Original Biscuits Snack Pack 6x3 198g,£2.50£1.26 / 100g,
biscuits-and-crackers,McVitie's Hobnobs Milk Chocolate Biscuits 262g,"£1.50with Nectar
£2.2586p / 100g",
biscuits-and-crackers,McVitie's Mini Gingerbread Men Multipack Biscuits 6x19g,"95pwith Nectar
£1.25£1.08 / 100g",
biscuits-and-crackers,Mcvitie's Light Rich Tea Biscuits 300g,"£1.35with Nectar
£1.9063p / 100g",
biscuits-and-crackers,McVitie's Iced Gems Multipack Biscuits 5x23g,£1.25£1.09 / 100g,
biscuits-and-crackers,Sainsbury's Shortcake Biscuits 200g,49p25p / 100g,
biscuits-and-crackers,"Sainsbury's Rich Tea Fingers, Fingers 250g",75p30p / 100g,
canned-tinned-and-packaged-foods,Heinz Minestrone Soup 400g,£1.7043p / 100g,
canned-tinned-and-packaged-foods,Heinz Baked Beans in a Rich Tomato Sauce 4 x 415g,"£3.50with Nectar
£3.90£2.35 / kg",
canned-tinned-and-packaged-foods,Heinz Mulligatawny Soup 400g,£1.7043p / 100g,
canned-tinned-and-packaged-foods,"Sainsbury's Tomato Puree, Double Concentrate 200g",59p£2.95 / kg,
canned-tinned-and-packaged-foods,Sainsbury's Chopped Tomatoes Can 400g,47p£1.18 / kg,
canned-tinned-and-packaged-foods,Sainsbury's Tuna Chunks in Spring Water 4x145g,£2.4961p / 100g,
canned-tinned-and-packaged-foods,Sainsbury's Passata 500g,49p98p / kg,
canned-tinned-and-packaged-foods,Sainsbury's Red Kidney Beans in Water 400g (240g*),49p£2.04 / kg,
canned-tinned-and-packaged-foods,Sainsbury's Italian Chopped Tomatoes 4×400g,£1.88£1.18 / kg,
canned-tinned-and-packaged-foods,Stamford Street Co. Chopped Tomatoes in Tomato Juice 400g,45p£1.13 / kg,
canned-tinned-and-packaged-foods,Sainsbury's Chickpeas in Water 400g (240g*),49p£2.09 / kg,
canned-tinned-and-packaged-foods,Stamford Street Co. Baked Beans in Tomato Sauce 400g,26p65p / kg,
canned-tinned-and-packaged-foods,Sainsbury's Black Beans in Water 400g (235g*),49p£2.09 / kg,
canned-tinned-and-packaged-foods,Napolina Chopped Tomatoes 4x400g,£3.00£1.88 / kg,
canned-tinned-and-packaged-foods,Sainsbury's Naturally Sweet Sweetcorn In Water 198g (157g*),44p£2.80 / kg,
canned-tinned-and-packaged-foods,KTC Chick Peas 400g,"45pwith Nectar
65p£1.63 / kg",
canned-tinned-and-packaged-foods,Sainsbury's Sweetcorn 3x198g (157g*),£1.32£2.80 / kg,
canned-tinned-and-packaged-foods,Sainsbury's Baked Beans In Tomato Sauce 200g,30p£1.50 / kg,
canned-tinned-and-packaged-foods,Sainsbury's Butter Beans In Water 400g (235g*),49p£1.23 / kg,
canned-tinned-and-packaged-foods,Sainsbury's Tuna Chunks in Brine 4x145g,£2.4961p / 100g,
canned-tinned-and-packaged-foods,Sainsbury's Cannellini Beans In Water 400g (235g*),49p£2.09 / kg,
canned-tinned-and-packaged-foods,Princes Tuna Chunks in Spring Water 4x145g,"£3.75with Nectar
£4.25£1.04 / 100g",
canned-tinned-and-packaged-foods,Heinz Baked Beans in a Rich Tomato Sauce 6 x 415g,£5.00£2.01 / kg,
canned-tinned-and-packaged-foods,Branston Baked Beans 4x410g,"£2.25with Nectar
£3.00£1.83 / kg",
canned-tinned-and-packaged-foods,Batchelors Super Noodles Chicken Flavour 90g,"75pwith Nectar
£1.00£11.11 / kg",
canned-tinned-and-packaged-foods,Sainsbury's Pitted Black Olives 340g (150g*),£1.25£3.68 / kg,
canned-tinned-and-packaged-foods,Heinz Baked Beans in a Rich Tomato Sauce 415g,£1.40£3.37 / kg,
canned-tinned-and-packaged-foods,John West Tuna Chunks in Spring Water 4x125g (102g Drained),£4.2585p / 100g,
canned-tinned-and-packaged-foods,Sainsbury's Green Lentils In Water 400g (265g*),55p£2.08 / kg,
canned-tinned-and-packaged-foods,Sainsbury's Baked Beans In Tomato Sauce With Sausages 400g,55p£1.38 / kg,
canned-tinned-and-packaged-foods,Pot Noodle Chicken & Mushroom 90g,"75pwith Nectar
£1.10£12.22 / kg",
canned-tinned-and-packaged-foods,Sainsbury's Pitted Green Olives 340g (150g*),£1.25£3.68 / kg,
canned-tinned-and-packaged-foods,Sainsbury's Naturally Sweet Sweetcorn in Water 325g (260g*),57p£2.19 / kg,
canned-tinned-and-packaged-foods,Sainsbury's Mild Salsa 200g,£1.4070p / 100g,
canned-tinned-and-packaged-foods,Sainsbury's Cream Of Tomato Soup 400g,63p16p / 100g,
canned-tinned-and-packaged-foods,Sainsbury's Sweetcorn Single Cobs,"50pwith Nectar
70p70p / ea",
canned-tinned-and-packaged-foods,Sainsbury's Peach Slices In Fruit Juice 411g,£1.10£4.89 / kg,
canned-tinned-and-packaged-foods,Green Giant Original Sweet Corn x4 198g,"£2.50with Nectar
£3.60£5.45 / kg",
canned-tinned-and-packaged-foods,Heinz Baked Beans in a Rich Tomato Sauce 200g,"80pwith Nectar
£1.00£5.00 / kg",
canned-tinned-and-packaged-foods,Ko-Lee Instant Noodles Chicken Flavour 70g,30p£4.29 / kg,
canned-tinned-and-packaged-foods,Sainsbury's Mackerel Fillets in Olive Oil 125g (90g*),£1.0080p / 100g,
canned-tinned-and-packaged-foods,KTC Chopped Tomatoes 400g,"45pwith Nectar
65p£1.63 / kg",
canned-tinned-and-packaged-foods,"Sainsbury's Sun Dried Tomatoes, Inspired to Cook 280g (168g*...",£3.30£11.79 / kg,
canned-tinned-and-packaged-foods,Sainsbury's Baked Beans In Tomato Sauce 400g,40p£1.00 / kg,
canned-tinned-and-packaged-foods,Sainsbury's Red Kidney Beans in Chilli Sauce 400g,£1.00£2.50 / kg,
canned-tinned-and-packaged-foods,Stamford Street Co. Peach Slices in Light Syrup 411g,37p90p / kg,
canned-tinned-and-packaged-foods,Sainsbury's Reduced Sugar & Salt Baked Beans In Tomato Sauce...,40p£1.00 / kg,
canned-tinned-and-packaged-foods,BEAR Fruit Yoyos Strawberry Multipack 5x20g,"£2.00with Nectar
£2.85£2.85 / 100g",
canned-tinned-and-packaged-foods,Heinz Cream of Tomato Soup x4 400g,£3.7523p / 100g,
canned-tinned-and-packaged-foods,Sainsbury's Mixed Beans in Mild Chilli Sauce 395g,£1.00£2.53 / kg,
canned-tinned-and-packaged-foods,Heinz Baked Beans in a Rich Tomato Sauce 6x200g,£4.25£3.54 / kg,
canned-tinned-and-packaged-foods,Sainsbury's Italian Plum Tomatoes 400g,47p£1.18 / kg,
canned-tinned-and-packaged-foods,Vadasz Raw Kimchi 400g,"£3.50with Nectar
£4.50£1.13 / 100g",
canned-tinned-and-packaged-foods,Sainsbury's Cream Of Chicken Soup 400g,63p16p / 100g,
canned-tinned-and-packaged-foods,Sainsbury's Garden Peas In Water 300g (185g*),43p£2.32 / kg,
canned-tinned-and-packaged-foods,Napolina Chopped Tomatoes 400g,"65pwith Nectar
£1.00£2.50 / kg",
canned-tinned-and-packaged-foods,"Sainsbury's Wild Pacific Red Salmon, Skinless & Boneless 105...",£2.60£2.48 / 100g,
canned-tinned-and-packaged-foods,Mutti Finely Chopped Tomatoes 400g,£1.50£3.75 / kg,
canned-tinned-and-packaged-foods,Karyatis Roasted Red Peppers 450g (350g*),"£2.35with Nectar
£2.95£6.56 / kg",
cereals,Kellogg's Crunchy Nut Breakfast Cereal 460g,£3.5076p / 100g,
cereals,Kellogg's Coco Pops Chocolate Breakfast Cereal 650g,"£3.75with Nectar
£4.2565p / 100g",
cereals,FUEL10K Chocolate Multigrain Flakes High Protein Breakfast C...,£3.70£1.06 / 100g,
cereals,Cadbury Brunch Chocolate Chip Wholegrain Cereal Bars Pack 4 ...,"£1.00with Nectar
£1.50£1.34 / 100g",
cereals,Sainsbury's Wholegrain Malties Cereal 750g,£1.1415p / 100g,
cereals,Weetabix Cereal x48,£5.5011p / bisc,
cereals,Sainsbury's Wholewheat Biscuits Cereal x24 430g,£1.908p / bisc,
cereals,Weetabix Cereal x24,"£3.00with Nectar
£3.5015p / bisc",
cereals,Sainsbury's Scottish Porridge Oats 1kg,£1.2513p / 100g,
cereals,Sainsbury's Multigrain Hoops Cereal 375g,79p21p / 100g,
cereals,Sainsbury's Cornflakes Cereal 500g,88p18p / 100g,
cereals,Go Ahead Apple Fruit & Oat Bakes Snack Bars Multipack 6x35g,£2.0095p / 100g,
cereals,Sainsbury's Wholewheat Biscuits Cereal x48 860g,£2.756p / bisc,
cereals,Sainsbury's Honey Nut Cornflakes 500g,95p19p / 100g,
cereals,Kellogg's Corn Flakes Breakfast Cereal 450g,£2.3552p / 100g,
cereals,Nestle Cheerios Multigrain Cereal 540g,£3.2565p / 100g,
cereals,Sainsbury's Scottish Porridge Oats 1.5kg,£1.8512p / 100g,
cereals,Stamford Street Co. Porridge Oats 1kg,85p9p / 100g,
cereals,"Sainsbury's Granola, Raisin, Nut & Honey 1kg",£2.2022p / 100g,
cereals,Sainsbury's Choco Hazelnut Squares Cereal 375g,86p23p / 100g,
cereals,Sainsbury's Rice Pops 375g,79p21p / 100g,
cereals,Cadbury Brunch Oats & Honey Wholegrain Cereal Bars Pack 4 x ...,"£1.00with Nectar
£1.50£1.44 / 100g",
cereals,Belvita Chocolate Chip Soft Bakes Cereal Snack Bars Pack 5 x...,£2.75£1.10 / 100g,
cereals,Kellogg's Crunchy Nut Original Breakfast Cereal 840g,"£4.00with Nectar
£5.0060p / 100g",
cereals,Sainsbury's Choco Hoops Cereal 375g,75p20p / 100g,
cereals,Go Ahead Apple Crispy Fruit Slices Snack Bars Multipack 4x43...,£1.2571p / 100g,
cereals,Go Ahead Fruit & Oat Bakes Strawberry Biscuit Bars 6x35g,£2.0095p / 100g,
cereals,Cadbury Brunch Raisin Wholegrain Cereal Bars Pack 4 x 28g,"£1.00with Nectar
£1.50£1.34 / 100g",
cereals,Nature Valley Crunchy Oats & Honey Cereal Biscuit Snack Bars...,"£1.50with Nectar
£2.50£1.19 / 100g",
cereals,Flahavan's Organic Jumbo Oats 1kg,£2.7027p / 100g,
cereals,Kellogg's Bran Flakes Breakfast Cereal 750g,"£2.50with Nectar
£3.0040p / 100g",
cereals,Kellogg's Rice Krispies Breakfast Cereal 660g,"£3.75with Nectar
£4.2564p / 100g",
cereals,Cadbury Brunch Peanut Wholegrain Cereal Bars Pack 4 x 28g,"£1.00with Nectar
£1.50£1.34 / 100g",
cereals,Graze Lemon & Blueberry Oat Boost Flapjack Superfood Snack B...,"£1.75with Nectar
£2.75£2.29 / 100g",
cereals,Kellogg's Fruit 'n Fibre Original Breakfast Cereal 700g,£3.5050p / 100g,
cereals,Weetabix Crispy Minis Chocolate Chip 500g,£3.8076p / 100g,
cereals,"Sainsbury's Porridge Oats, SO Organic 750g",£2.3031p / 100g,
cereals,Kellogg's Corn Flakes Breakfast Cereal 1kg,£4.0040p / 100g,
cereals,Eat Natural Protein Peanuts Dark Chocolate Fruit & Nut Cerea...,"£2.00with Nectar
£2.60£2.17 / 100g",
cereals,Nature Valley Protein Peanut & Chocolate Cereal Biscuit Snac...,"£2.50with Nectar
£3.00£1.88 / 100g",
cereals,Weetabix Cereal x12,£2.0017p / bisc,
cereals,Nestle Shreddies Original Cereal 630g,"£2.50with Nectar
£3.5056p / 100g",
cereals,Belvita Cocoa Chocolate Chip Cereal Biscuit Snack Bars Pack ...,"£1.00with Nectar
£1.2556p / 100g",
cereals,Kellogg's Special K Original Breakfast Cereal 750g,£4.2557p / 100g,
cereals,Sainsbury's Choco Rice Pops 375g,79p21p / 100g,
cereals,FUEL10K Chocolate Chunks Protein Granola Breakfast Cereal 40...,£3.5088p / 100g,
cereals,Go Ahead Yogurt Breaks Strawberry Snack Bars 4x35.5g,£2.00£1.41 / 100g,
cereals,Graze Cherry Bakewell Oat Boost Flapjack Snack Bars 4 x 30g,"£1.75with Nectar
£2.75£2.29 / 100g",
cereals,Nestle Shredded Wheat Original Cereal Biscuits x30 675g,"£3.00with Nectar
£3.7513p / bisc",
cereals,"Sainsbury's Whole Rolled Porridge Oats, Taste the Difference...",£2.1028p / 100g,
cereals,Scott's Porage Original Porridge Oats 1kg,£2.9530p / 100g,
cereals,Cadbury Brunch Bournville Dark Chocolate Chip Wholegrain Cer...,"£1.00with Nectar
£1.50£1.34 / 100g",
cereals,Nestle Shredded Wheat Bitesize Cereal 720g,"£3.50with Nectar
£3.9555p / 100g",
cereals,Kellogg's Rice Krispies Squares Marshmallow Cereal Bars 4x28...,"£1.65with Nectar
£2.25£2.01 / 100g",
cereals,"Deliciously Ella Apple, Raisin & Cinnamon Oat Bars 3x50g","£2.00with Nectar
£2.80£1.87 / 100g",
cereals,Alpen No Added Sugar Muesli 950g,£4.0042p / 100g,
cereals,Go Ahead Yoghurt Breaks Forest Fruit Snack Bars 4x35.5g,£2.00£1.41 / 100g,
cereals,Go Ahead Forest Fruit Crispy Fruit Slices Multipack Snack Ba...,£1.2571p / 100g,
cereals,Go Ahead Raspberry Crispy Fruit Slices Multipack Snack Bars ...,£1.2571p / 100g,
cereals,Nature Valley Crunchy Variety Pack Cereal Biscuit Snack Bars...,£3.5083p / 100g,
confectionery,Maltesers Truffles 200g,£7.25£3.63 / 100g,
confectionery,After Eight Dark Mint Chocolate Box 300g,£4.00£1.33 / 100g,
confectionery,KitKat 2 Finger Milk Chocolate Biscuit Bar Multipack 8 x 20....,"£1.65with Nectar
£2.20£1.33 / 100g",
confectionery,Cadbury Dairy Milk Chocolate Bar Multipack 4 x 33.5g,£2.50£1.87 / 100g,
confectionery,KitKat 2 Finger Milk Chocolate Biscuit Bar Multipack 12 x 20...,£2.95£1.19 / 100g,
confectionery,Lindt Excellence Dark 70% Cocoa Chocolate Bar 100g,£3.50£3.50 / 100g,
confectionery,Cadbury Twirl Chocolate Bar Multipack 9 x 21.5g,"£2.85with Nectar
£3.20£1.65 / 100g",
confectionery,Cadbury Wispa Chocolate Bar Multipack 4 x 27.9g,£2.50£2.23 / 100g,
confectionery,Cadbury Dairy Milk Freddo Chocolate Bar Multipack x4 72g,"£1.25with Nectar
£1.50£2.08 / 100g",
confectionery,KitKat Chunky Milk Chocolate Bar Multipack x4 40g,£1.95£1.22 / 100g,
confectionery,Cadbury Dairy Milk Caramel Chocolate Bar Multipack 4 x 37g,£2.50£1.69 / 100g,
confectionery,Sainsbury's Chewy Caramel Chocolate Bars 5 x 36g,£1.4581p / 100g,
confectionery,Stamford Street Co. Dark Chocolate 100g,75p75p / 100g,
confectionery,Cadbury Crunchie Chocolate Bar Multipack 4 x 32g,£2.50£1.95 / 100g,
confectionery,Cadbury Dairy Milk Chocolate Bar 180g,£2.75£1.53 / 100g,
confectionery,Maltesers Milk Chocolate & Honeycomb Sharing Pouch Bag 158g,£3.75£2.37 / 100g,
confectionery,KitKat 2 Finger Dark Chocolate Biscuit Bar Multipack 8 x 20....,"£1.65with Nectar
£2.20£1.33 / 100g",
confectionery,"Sainsbury's Venezuelan 70% Dark Chocolate, Taste the Differe...",£2.40£2.40 / 100g,
confectionery,Sainsbury's Toffee Biscuit Chocolate Bars 4x42g,£1.4586p / 100g,
confectionery,Green & Black's Organic 85% Dark Chocolate Bar 90g,"£2.75with Nectar
£3.25£3.61 / 100g",
confectionery,Sainsbury's Nutty Nougat Chocolate Bars 5 x 36g,£1.4581p / 100g,
confectionery,Galaxy Smooth Milk Chocolate Snack Bars Multipack Vegetarian...,£2.00£1.19 / 100g,
confectionery,Twix Caramel & Milk Chocolate Fingers Twin Biscuit Snack Bar...,£3.60£1.00 / 100g,
confectionery,Cadbury Dairy Milk Chocolate Bar Multipack 7 x 27.2g,"£2.85with Nectar
£3.20£1.68 / 100g",
confectionery,Sainsbury's Milk Chocolate Chips 100g,£1.40£1.40 / 100g,
confectionery,Cadbury Dairy Milk Buttons Chocolate Pouch 100g,"£1.75with Nectar
£1.95£1.95 / 100g",
confectionery,Lindt Excellence Dark Sea Salt Chocolate Bar 100g,£3.50£3.50 / 100g,
confectionery,Sainsbury's Soft & Whippy Chocolate Bars 6x22g,£1.45£1.10 / 100g,
confectionery,"Mars Caramel, Nougat & Milk Chocolate Bars Multipack 4 x 39....",£2.00£1.27 / 100g,
confectionery,Bounty Coconut & Milk Chocolate Snack Bars Multipack 4x57g,£2.0088p / 100g,
confectionery,Galaxy Minstrels Milk Chocolate Buttons Pouch Bag 118g,"£1.75with Nectar
£2.00£1.69 / 100g",
confectionery,Maltesers Milk Chocolate & Honeycomb Bites Bag 93g,"£1.75with Nectar
£2.00£2.15 / 100g",
confectionery,Kinder Chocolate Medium Snack Bars Multipack 6x21g,£1.60£1.27 / 100g,
confectionery,Sainsbury's Dark Chocolate 200g,£2.30£1.15 / 100g,
confectionery,Stamford Street Co. Milk Chocolate 100g,75p75p / 100g,
confectionery,"Sainsbury's Madagascan Dark Chocolate, Taste the Difference ...",£2.40£2.40 / 100g,
confectionery,Smarties Milk Chocolate Sweets Tube Multipack x4 38g,£1.95£1.43 / 100g,
confectionery,Cadbury Picnic Chocolate Bar Multipack 4 x 38g,£2.50£1.64 / 100g,
confectionery,"Snickers Caramel, Nougat, Peanuts & Milk Chocolate Snack Bar...",£2.00£1.20 / 100g,
confectionery,Cadbury Wispa Gold Chocolate Bar Multipack 4 x 38.3g,£2.50£1.63 / 100g,
confectionery,Green & Black's Organic 70% Dark Chocolate Bar 90g,"£2.75with Nectar
£3.25£3.61 / 100g",
confectionery,Cadbury Bournville Classic Dark Chocolate Bar 180g,£2.75£1.53 / 100g,
confectionery,Kinder Chocolate Small Snack Bars Multipack 16x12.5g,£2.90£1.45 / 100g,
confectionery,Cadbury Twirl Chocolate Bar Multipack  3 x 43g,£2.50£1.94 / 100g,
confectionery,Cadbury Heroes Chocolate Tub 550g,£7.00£1.27 / 100g,
confectionery,Aero Bubbly Peppermint Mint Chocolate Bar Multipack x4 27g,£1.95£1.81 / 100g,
confectionery,Cadbury Dairy Milk Little Bars Chocolate Bars Pack 4 x 18g,"£1.25with Nectar
£1.50£2.08 / 100g",
confectionery,Cadbury Dairy Milk Mega Buttons Chocolate Large Sharing Bag ...,£3.25£1.69 / 100g,
confectionery,Fry's Turkish Delight Chocolate Bar Multipack 3 x 51g,£2.00£1.31 / 100g,
confectionery,Mars Caramel Nougat & Milk Chocolate Snack Bars Multipack 8 ...,£3.60£1.33 / 100g,
confectionery,Cadbury Dairy Milk Chocolate Bar 110g,"£1.75with Nectar
£2.20£2.00 / 100g",
confectionery,KitKat 4 Finger Milk Chocolate Biscuit Bar Multipack x8 332g,£3.50£1.05 / 100g,
confectionery,Lindt Excellence Intense Dark 90% Cocoa Chocolate Bar 100g,£3.50£3.50 / 100g,
confectionery,Cadbury Dairy Milk Fruit & Nut Chocolate Bar 180g,£2.75£1.53 / 100g,
confectionery,Cadbury Mixed Chocolate Multipack 4x Wispa 4x Crunchie 4x Bo...,£4.25£1.22 / 100g,
confectionery,Cadbury Flake Chocolate Bar Multipack 4 x 25.5g,£2.50£2.45 / 100g,
confectionery,Cadbury Boost Chocolate Bar Multipack 4 x 37g,£2.50£1.69 / 100g,
confectionery,KitKat 2 Finger Milk Chocolate Biscuit Bar Multipack 18 x 20...,£4.25£1.14 / 100g,
confectionery,Celebrations Milk Chocolate & Biscuit Bars Sharing Tub 500g,£7.00£1.40 / 100g,
confectionery,Lindt Excellence Dark 85% Cocoa Chocolate Bar 100g,£3.50£3.50 / 100g,
cooking-ingredients-and-oils,Homepride No Added Sugar Tomato & Herb Pasta Bake Sauce 485g,£2.5052p / 100g,
cooking-ingredients-and-oils,"Sainsbury's Tomato Puree, Double Concentrate 200g",59p£2.95 / kg,
cooking-ingredients-and-oils,Sainsbury's Italian Chopped Tomatoes 4×400g,£1.88£1.18 / kg,
cooking-ingredients-and-oils,Sainsbury's Black Beans in Water 400g (235g*),49p£2.09 / kg,
cooking-ingredients-and-oils,Sainsbury's Plain Flour 1.5kg,70p47p / kg,
cooking-ingredients-and-oils,Sainsbury's Runny Honey 340g,£1.1935p / 100g,
cooking-ingredients-and-oils,Sainsbury's Cannellini Beans In Water 400g (235g*),49p£2.09 / kg,
cooking-ingredients-and-oils,Sainsbury's Vegetable Oil 1L,£1.9920p / 100ml,
cooking-ingredients-and-oils,"Sainsbury's Olive Oil, Extra Virgin 1L",£7.0070p / 100ml,
cooking-ingredients-and-oils,Sainsbury's Pitted Green Olives 340g (150g*),£1.25£3.68 / kg,
cooking-ingredients-and-oils,Sainsbury's Dark Soy Sauce 150ml,59p39p / 100ml,
cooking-ingredients-and-oils,"Sainsbury's Sun Dried Tomatoes, Inspired to Cook 280g (168g*...",£3.30£11.79 / kg,
cooking-ingredients-and-oils,JS Sunflower Oil 1L,£1.9920p / 100ml,
cooking-ingredients-and-oils,Old El Paso Mexican Smoky BBQ Fajitas Seasoning Mix 35g,£1.25£3.57 / 100g,
cooking-ingredients-and-oils,Very Lazy Chopped Garlic 200g,£1.9510p / 10g,
cooking-ingredients-and-oils,Sainsbury's Olive Oil 1L,£6.5065p / 100ml,
cooking-ingredients-and-oils,Sainsbury's Table Salt Bottle 750g,65p87p / kg,
cooking-ingredients-and-oils,Filippo Berio Extra Virgin Olive Oil 1L,"£8.50with Nectar
£12.75£1.28 / 100ml",
cooking-ingredients-and-oils,Sainsbury's Sage & Onion Stuffing Mix 170g,45p£2.65 / kg,
cooking-ingredients-and-oils,Bisto Gravy Granules 190g,"£2.00with Nectar
£2.95£1.55 / 100g",
cooking-ingredients-and-oils,Sainsbury's Garlic Granules 58g,£1.1019p / 10g,
cooking-ingredients-and-oils,Sainsbury's Smoked Paprika 44g,£1.1025p / 10g,
cooking-ingredients-and-oils,Sainsbury's Cornflour 500g,£2.50£5.00 / kg,
cooking-ingredients-and-oils,Oxo Beef Stock Cubes x12 71g,"£2.00with Nectar
£2.50£3.52 / 100g",
cooking-ingredients-and-oils,Sainsbury's Paprika 44g,£1.1025p / 10g,
cooking-ingredients-and-oils,Sainsbury's Oregano 12g,£1.1092p / 10g,
cooking-ingredients-and-oils,Sainsbury's Gravy Granules For Meat 170g,62p36p / 100g,
cooking-ingredients-and-oils,Knorr Stock Pot Chicken 8x28g,£2.80£1.25 / 100g,
cooking-ingredients-and-oils,Sainsbury's Chicken Gravy Granules 170g,62p36p / 100g,
cooking-ingredients-and-oils,Old El Paso Mexican Taco Seasoning Mix Garlic & Paprika 25g,£1.25£5.00 / 100g,
cooking-ingredients-and-oils,Sainsbury's Garlic Granules 138g,£1.8013p / 10g,
cooking-ingredients-and-oils,"Sainsbury's Garlic Paste, Inspired to Cook 85g","£1.00with Nectar
£1.75£2.06 / 100g",
cooking-ingredients-and-oils,Sainsbury's Fairtrade Demerara Cane Sugar 500g,£1.60£3.20 / kg,
cooking-ingredients-and-oils,Maldon Sea Salt Flakes 250g,£2.85£11.40 / kg,
cooking-ingredients-and-oils,"Sainsbury's Black Beans Carton, SO Organic 380g (230g*)",£1.20£3.16 / kg,
cooking-ingredients-and-oils,Bisto Reduced Salt Gravy Granules 190g,"£2.00with Nectar
£2.95£1.55 / 100g",
cooking-ingredients-and-oils,Sainsbury's Ground Cinnamon 38g,£1.1029p / 10g,
cooking-ingredients-and-oils,Sainsbury's Ground Cumin 43g,£1.1026p / 10g,
cooking-ingredients-and-oils,Colman's Recipe Mix Chilli Con Carne 50g,90p£1.80 / 100g,
cooking-ingredients-and-oils,"Sainsbury's Stock Cubes, Vegetable 10x10g",£1.10£1.10 / 100g,
cooking-ingredients-and-oils,"Sainsbury's Panko Breadcrumbs, Inspired to Cook 100g",£1.40£14.00 / kg,
cooking-ingredients-and-oils,"Sainsbury's Tahini, Inspired to Cook 300g",£2.9010p / 10g,
cooking-ingredients-and-oils,Sainsbury's Sun Dried Tomato Paste 190g,£1.5582p / 100g,
cooking-ingredients-and-oils,"Sainsbury's Harissa Paste, Inspired to Cook 90g",£1.8020p / 10g,
cooking-ingredients-and-oils,Sainsbury's Onion Granules 58g,£1.1019p / 10g,
cooking-ingredients-and-oils,Kallo Organic Chicken Stock Cubes 8x11g,"£1.50with Nectar
£1.90£2.16 / 100g",
cooking-ingredients-and-oils,Sainsbury's Italian Herb Seasoning 14g,£1.1079p / 10g,
cooking-ingredients-and-oils,Sainsbury's Wholegrain Mustard 180g,53p29p / 100g,
cooking-ingredients-and-oils,KTC Pressed Toasted Pure Sesame Oil 250ml,"£2.00with Nectar
£2.2088p / 100ml",
cooking-ingredients-and-oils,Sainsbury's Mixed Herbs 14g,£1.1079p / 10g,
cooking-ingredients-and-oils,Bisto Chicken Gravy Granules 190g,"£2.00with Nectar
£2.95£1.55 / 100g",
cooking-ingredients-and-oils,Sainsbury's Fine Sea Salt 350g,£1.30£3.71 / kg,
cooking-ingredients-and-oils,"Sainsbury's Cajun Seasoning, Inspired to Cook 50g",£1.2525p / 10g,
cooking-ingredients-and-oils,Napolina Extra Virgin Olive Oil 500ml,£6.50£1.30 / 100ml,
cooking-ingredients-and-oils,Knorr Stock Pot Chicken 4x28g,"£1.25with Nectar
£1.90£1.70 / 100g",
cooking-ingredients-and-oils,Sainsbury's Balsamic Vinegar of Modena 2 Leaf 250ml,£1.55£6.20 / ltr,
cooking-ingredients-and-oils,Olivio Oil 1L,£4.5045p / 100ml,
cooking-ingredients-and-oils,Sainsbury's Basil 15g,£1.1073p / 10g,
cooking-ingredients-and-oils,"Sainsbury's Wine Vinegar, White Wine 500ml",£1.95£3.90 / ltr,
cooking-ingredients-and-oils,Sainsbury's Quinoa 300g,£2.90£9.67 / kg,
cooking-sauces-and-meal-kits,Sharwood's Tikka Masala Indian Curry Sauce Kit 280g,£2.80£1.00 / 100g,
cooking-sauces-and-meal-kits,Homepride Tomato & Herb Pasta Bake Sauce 485g,£2.5052p / 100g,
cooking-sauces-and-meal-kits,Sharwood's Butter Chicken Indian Curry Sauce Kit 280g,£2.80£1.00 / 100g,
cooking-sauces-and-meal-kits,"Sainsbury's Tomato Puree, Double Concentrate 200g",59p£2.95 / kg,
cooking-sauces-and-meal-kits,Sainsbury's Plain Tortilla Wraps x8 496g,£1.4018p / ea,
cooking-sauces-and-meal-kits,Sainsbury's Basmati Rice 1kg,£1.79£1.79 / kg,
cooking-sauces-and-meal-kits,Sainsbury's Coconut Milk Light 400g,75p19p / 100ml,
cooking-sauces-and-meal-kits,Sainsbury's Green Pesto 190g,99p52p / 100g,
cooking-sauces-and-meal-kits,Sainsbury's Tomato & Herb Bolognese Pasta Sauce 500g,69p14p / 100g,
cooking-sauces-and-meal-kits,Sainsbury's Wholemeal Tortilla Wraps x8 512g,£1.4018p / ea,
cooking-sauces-and-meal-kits,Sainsbury's Guacamole 170g,"£1.00with Nectar
£1.4082p / 100g",
cooking-sauces-and-meal-kits,Sainsbury's Microwave Rice Spicy Mexican 250g,75p£3.00 / kg,
cooking-sauces-and-meal-kits,Sainsbury's Dark Soy Sauce 150ml,59p39p / 100ml,
cooking-sauces-and-meal-kits,Sainsbury's Poppadoms Plain 64g,£1.50£2.34 / 100g,
cooking-sauces-and-meal-kits,"Sainsbury's Pesto, Red 190g",99p52p / 100g,
cooking-sauces-and-meal-kits,Sainsbury's Creamy Tomato Pasta Bake Sauce 480g,69p14p / 100g,
cooking-sauces-and-meal-kits,Old El Paso Mexican Smoky BBQ Fajita Family Kit 750g,£4.7563p / 100g,
cooking-sauces-and-meal-kits,Sainsbury's Light Soy Sauce 150ml,59p39p / 100ml,
cooking-sauces-and-meal-kits,Old El Paso Mexican Smoky BBQ Fajitas Seasoning Mix 35g,£1.25£3.57 / 100g,
cooking-sauces-and-meal-kits,Sainsbury's No Added Sugar Tomato & Hidden Veg Pasta Sauce 5...,69p14p / 100g,
cooking-sauces-and-meal-kits,Sainsbury's Garlic & Coriander Naan x2 260g,69p27p / 100g,
cooking-sauces-and-meal-kits,Sacla Basil Pesto 190g,£3.35£1.76 / 100g,
cooking-sauces-and-meal-kits,Sharwood's Medium Egg Noodles 226g,"£1.25with Nectar
£2.00£8.85 / kg",
cooking-sauces-and-meal-kits,Ben's Original Golden Vegetable Microwave Rice 220g,£1.40£6.36 / kg,
cooking-sauces-and-meal-kits,"Sainsbury's Pasta Sauce, Onion & Garlic 500g",69p14p / 100g,
cooking-sauces-and-meal-kits,Sainsbury's Mini Plain Naan x4 188g,£1.0556p / 100g,
cooking-sauces-and-meal-kits,Sainsbury's Garlic Granules 58g,£1.1019p / 10g,
cooking-sauces-and-meal-kits,Dolmio Bolognese Original Pasta Sauce 450g,"£1.75with Nectar
£2.6058p / 100g",
cooking-sauces-and-meal-kits,Sainsbury's Smoked Paprika 44g,£1.1025p / 10g,
cooking-sauces-and-meal-kits,Sainsbury's Stir In Tomato & Basil Pasta Sauce 150g,85p57p / 100g,
cooking-sauces-and-meal-kits,Sainsbury's Sliced Green Jalapeños 200g (90g*),£1.0553p / 100g,
cooking-sauces-and-meal-kits,Cirio Toscana Passata 700g,"£1.40with Nectar
£2.20£3.14 / kg",
cooking-sauces-and-meal-kits,Sainsbury's Plain Naan x 2 260g,69p27p / 100g,
cooking-sauces-and-meal-kits,Sainsbury's Sweet Mango Chutney 240g,£1.0042p / 100g,
cooking-sauces-and-meal-kits,Sainsbury's Lasagne Sauce Creamy White 480g,62p13p / 100g,
cooking-sauces-and-meal-kits,Sainsbury's Fajita Spice Mix 30g,85p£2.83 / 100g,
cooking-sauces-and-meal-kits,Gia Garlic Puree 90g,£1.10£12.22 / kg,
cooking-sauces-and-meal-kits,Sainsbury's Tikka Masala Curry Cooking Sauce 500g,99p20p / 100g,
cooking-sauces-and-meal-kits,Old El Paso Mexican Taco Seasoning Mix Garlic & Paprika 25g,£1.25£5.00 / 100g,
cooking-sauces-and-meal-kits,Sainsbury's Medium Noodles Quick To Cook x2 300g,£1.00£3.33 / kg,
cooking-sauces-and-meal-kits,Napolina Tomato Puree 142g,"£1.00with Nectar
£1.20£8.45 / kg",
cooking-sauces-and-meal-kits,Sainsbury's Udon Noodles Quick To Cook x2 300g,£1.00£3.33 / kg,
cooking-sauces-and-meal-kits,Ben's Original Mexican Style Microwave Rice 220g,£1.40£6.36 / kg,
cooking-sauces-and-meal-kits,Old El Paso Mexican Regular Soft Flour Tortilla Wraps x8 326...,"£1.50with Nectar
£1.8557p / 100g",
cooking-sauces-and-meal-kits,Sainsbury's Microwave Rice Thai 250g,65p£2.60 / kg,
cooking-sauces-and-meal-kits,Old El Paso Mexican Crunchy Taco Shells x12 156g,"£1.50with Nectar
£2.00£1.28 / 100g",
cooking-sauces-and-meal-kits,Napolina Tomato Passata 500g,"£1.00with Nectar
£1.25£2.50 / kg",
cooking-sauces-and-meal-kits,Dolmio Lasagne Creamy White Pasta Sauce 440g,£2.6059p / 100g,
cooking-sauces-and-meal-kits,Sainsbury's Ground Cumin 43g,£1.1026p / 10g,
cooking-sauces-and-meal-kits,Colman's Recipe Mix Chilli Con Carne 50g,90p£1.80 / 100g,
cooking-sauces-and-meal-kits,Sainsbury's Garlic & Coriander Mini Naan x4 188g,£1.1059p / 100g,
cooking-sauces-and-meal-kits,"Sainsbury's Fajita Kit, Smoky BBQ 500g",£2.0040p / 100g,
cooking-sauces-and-meal-kits,Sainsbury's Mild Chilli Con Carne Cooking Sauce 500g,99p20p / 100g,
cooking-sauces-and-meal-kits,Sainsbury's Sun Dried Tomato Paste 190g,£1.5582p / 100g,
cooking-sauces-and-meal-kits,Sainsbury's Microwave Rice Egg Fried 250g,65p£2.60 / kg,
cooking-sauces-and-meal-kits,"Loyd Grossman Pasta Sauce, Roasted Garlic & Tomato 350g","£1.75with Nectar
£3.0086p / 100g",
cooking-sauces-and-meal-kits,Sainsbury's Soy Sauce Reduced Salt 150ml,59p39p / 100ml,
cooking-sauces-and-meal-kits,Ben's Original Savoury Chicken Microwave Rice 220g,£1.40£6.36 / kg,
cooking-sauces-and-meal-kits,Sainsbury's Macaroni Cheese Pasta Bake Sauce 485g,69p14p / 100g,
cooking-sauces-and-meal-kits,"Sainsbury's Harissa Paste, Inspired to Cook 90g",£1.8020p / 10g,
crisps-nuts-and-snacking-fruit,Walkers Crisps Smoky Bacon 6 x 25g,"£1.45with Nectar
£2.20£1.47 / 100g",
crisps-nuts-and-snacking-fruit,Walkers Salt & Vinegar Multipack Crisps 6 x 25g,"£1.45with Nectar
£2.20£1.47 / 100g",
crisps-nuts-and-snacking-fruit,Walkers Prawn Cocktail Multipack Crisps 6 x 25g,"£1.45with Nectar
£2.20£1.47 / 100g",
crisps-nuts-and-snacking-fruit,Pom-Bear Original Multipack Crisps 6x13g,"£1.50with Nectar
£2.25£2.88 / 100g",
crisps-nuts-and-snacking-fruit,Walkers Ready Salted Multipack Crisps 6x25g,"£1.45with Nectar
£2.20£1.47 / 100g",
crisps-nuts-and-snacking-fruit,Jacob's Mini Cheddars Original Baked Snacks Multipack 6x23g,£1.90£1.38 / 100g,
crisps-nuts-and-snacking-fruit,Walkers Quavers Cheese Multipack Crisps Snacks 6x16g,£2.20£2.29 / 100g,
crisps-nuts-and-snacking-fruit,Hula Hoops BBQ Beef Potato Ring Crisps 6x24g,£2.35£1.63 / 100g,
crisps-nuts-and-snacking-fruit,Hula Hoops Original Potato Ring Crisps 6x24g,£2.35£1.63 / 100g,
crisps-nuts-and-snacking-fruit,Walkers Classic Variety Multipack Crisps 20x25g,£5.25£1.05 / 100g,
crisps-nuts-and-snacking-fruit,Walkers Cheese & Onion Multipack Crisps 6x25g,"£1.45with Nectar
£2.20£1.47 / 100g",
crisps-nuts-and-snacking-fruit,Stamford Street Co. Tortilla Chips 200g,57p29p / 100g,
crisps-nuts-and-snacking-fruit,Sunbites Sun Ripened Sweet Chilli Multipack Snacks Crisps 6x...,£2.20£1.47 / 100g,
crisps-nuts-and-snacking-fruit,Pringles Sour Cream & Onion Sharing Crisps 185g,£2.50£1.35 / 100g,
crisps-nuts-and-snacking-fruit,Walkers Wotsits Really Cheesy Multipack Crisps Snacks 6x16.5...,£2.20£2.22 / 100g,
crisps-nuts-and-snacking-fruit,Sainsbury's Tortilla Chips Salted 200g,89p45p / 100g,
crisps-nuts-and-snacking-fruit,Sainsbury's Ready Salted Multipack Crisps 6x25g,£1.0067p / 100g,
crisps-nuts-and-snacking-fruit,"Sainsbury's Gourmet Sea Salt Crisps, Taste the Difference 15...",£1.50£1.00 / 100g,
crisps-nuts-and-snacking-fruit,Walkers Baked Ready Salted Multipack Crisps Snacks 6x22g,£2.20£1.67 / 100g,
crisps-nuts-and-snacking-fruit,Sainsbury's Cheese & Onion Multipack Crisps 6x25g,£1.0067p / 100g,
crisps-nuts-and-snacking-fruit,McCoy's Flame Grilled Steak Crisps 6x25g,"£1.75with Nectar
£2.35£1.57 / 100g",
crisps-nuts-and-snacking-fruit,Walkers Classic Variety Multipack Crisps 6x25g,"£1.45with Nectar
£2.20£1.47 / 100g",
crisps-nuts-and-snacking-fruit,Walkers Baked Cheese & Onion Multipack Crisps Snacks 6x22g,£2.20£1.67 / 100g,
crisps-nuts-and-snacking-fruit,Doritos Chilli Heatwave Tortilla Chips Multipack Crisps 5x30...,£2.20£1.47 / 100g,
crisps-nuts-and-snacking-fruit,Pringles Original Sharing Crisps 185g,£2.50£1.35 / 100g,
crisps-nuts-and-snacking-fruit,Walkers Squares Variety Multipack Crisps Snacks 6x22g,£2.20£1.67 / 100g,
crisps-nuts-and-snacking-fruit,Walkers Sensations Thai Sweet Chilli Sharing Bag Crisps 150g,£2.50£1.67 / 100g,
crisps-nuts-and-snacking-fruit,Popchips Barbeque Multipack Crisps 5pk,£2.25£2.65 / 100g,
crisps-nuts-and-snacking-fruit,Smiths Frazzles Crispy Bacon Multipack Snacks Crisps 6x18g,£1.50£1.39 / 100g,
crisps-nuts-and-snacking-fruit,McCoy's Classic Variety Pack Crisps 6x25g,"£1.75with Nectar
£2.35£1.57 / 100g",
crisps-nuts-and-snacking-fruit,Walkers French Fries Ready Salted Multipack Crisps Snacks 6x...,£2.20£2.04 / 100g,
crisps-nuts-and-snacking-fruit,Doritos Cool Original Tortilla Chips Sharing Bag Crisps 180g,"£1.50with Nectar
£2.50£1.39 / 100g",
crisps-nuts-and-snacking-fruit,Walkers Sensations Thai Sweet Chilli Multipack Crisps 5x25g,£2.20£1.76 / 100g,
crisps-nuts-and-snacking-fruit,Walkers Quavers Cheese Multipack Crisps Snacks 12x16g,£3.25£1.69 / 100g,
crisps-nuts-and-snacking-fruit,Hula Hoops Salt & Vinegar Multipack Crisps x6,£2.35£1.63 / 100g,
crisps-nuts-and-snacking-fruit,Walkers Ready Salted Crisps 12x25g,£3.25£1.08 / 100g,
crisps-nuts-and-snacking-fruit,Sainsbury's Tortilla Chips Cool 200g,89p45p / 100g,
crisps-nuts-and-snacking-fruit,Walkers Wotsits Really Cheesy Multipack Crisps Snacks 12x16....,£3.25£1.64 / 100g,
crisps-nuts-and-snacking-fruit,Walkers Squares Salt & Vinegar Multipack CrispsSnacks 6x22g,£2.20£1.67 / 100g,
crisps-nuts-and-snacking-fruit,Kettle Chips Lightly Salted Sharing Crisps 130g,£2.65£2.04 / 100g,
crisps-nuts-and-snacking-fruit,Seabrook Crinkle Cut Crisps Sea Salted 6x25g,£1.4597p / 100g,
crisps-nuts-and-snacking-fruit,Hula Hoops Variety Pack Potato Ring Crisps 6x24g,£2.35£1.63 / 100g,
crisps-nuts-and-snacking-fruit,Pringles Salt & Vinegar Sharing Crisps 185g,£2.50£1.35 / 100g,
crisps-nuts-and-snacking-fruit,Skips Prawn Cocktail 6x13.1g,£1.60£2.04 / 100g,
crisps-nuts-and-snacking-fruit,Jacob's Mini Cheddars Original Baked Snacks Multipack 12x23g,"£2.50with Nectar
£3.50£1.27 / 100g",
crisps-nuts-and-snacking-fruit,Doritos Tangy Cheese Tortilla Chips Multipack Crisps 5x30g,£2.20£1.47 / 100g,
crisps-nuts-and-snacking-fruit,Sunbites Sour Cream & Cracked Black Pepper Multipack Snacks ...,£2.20£1.47 / 100g,
crisps-nuts-and-snacking-fruit,Doritos Chilli Heatwave Tortilla Chips Sharing Bag Crisps 18...,"£1.50with Nectar
£2.50£1.39 / 100g",
crisps-nuts-and-snacking-fruit,Tyrrells Furrows Sea Salted Sharing Crisps 150g,£2.75£1.83 / 100g,
crisps-nuts-and-snacking-fruit,Pringles Texas BBQ Sauce Flavour Sharing Crisps 185g,£2.50£1.35 / 100g,
crisps-nuts-and-snacking-fruit,Sainsbury's Cheesy Curls 6x16g,£1.15£1.20 / 100g,
crisps-nuts-and-snacking-fruit,Sainsbury's Variety Multipack Crisps 22x25g,£3.6566p / 100g,
crisps-nuts-and-snacking-fruit,Walkers Baked Variety Multipack Crisps Snacks 6x22g,£2.20£1.67 / 100g,
crisps-nuts-and-snacking-fruit,Snack a Jacks Salt & Vinegar Multipack Rice Cakes Crisps 5x1...,"£1.50with Nectar
£2.20£2.50 / 100g",
crisps-nuts-and-snacking-fruit,"Sainsbury's Sea Salt & Cider Vinegar Crisps, Taste the Diffe...",£1.50£1.00 / 100g,
crisps-nuts-and-snacking-fruit,Walkers Baked Prawn Cocktail Multipack Crisps Snacks 6x22g,£2.20£1.67 / 100g,
crisps-nuts-and-snacking-fruit,Jacob's Mini Cheddars Red Leicester Multipack Snacks 6x23g,£1.90£1.38 / 100g,
crisps-nuts-and-snacking-fruit,Hula Hoops Variety Crisps 12x24g,£3.50£1.22 / 100g,
crisps-nuts-and-snacking-fruit,Walkers Salt & Shake Multipack Crisps 6x24g,"£1.45with Nectar
£2.20£1.53 / 100g",
crisps-nuts-and-snacking-fruit,Sensations Lime & Coriander Chutney Sharing Poppadoms 82.5g,£2.50£3.03 / 100g,
food-cupboard-essentials,Maryland Cookies Chocolate Chip 200g,£1.7085p / 100g,
food-cupboard-essentials,Kellogg's Frosties Breakfast Cereal 470g,"£2.85with Nectar
£3.5074p / 100g",
food-cupboard-essentials,Jacob's Original Cream Crackers 200g,£1.3065p / 100g,
food-cupboard-essentials,"Sainsbury's Tomato Puree, Double Concentrate 200g",59p£2.95 / kg,
food-cupboard-essentials,Sainsbury's Chopped Tomatoes Can 400g,47p£1.18 / kg,
food-cupboard-essentials,Sainsbury's White Granulated Sugar 1kg,£1.09£1.09 / kg,
food-cupboard-essentials,Sainsbury's Tuna Chunks in Spring Water 4x145g,£2.4961p / 100g,
food-cupboard-essentials,Sainsbury's Passata 500g,49p98p / kg,
food-cupboard-essentials,Sainsbury's Red Kidney Beans in Water 400g (240g*),49p£2.04 / kg,
food-cupboard-essentials,Stamford Street Co. Chopped Tomatoes in Tomato Juice 400g,45p£1.13 / kg,
food-cupboard-essentials,Walkers Ready Salted Multipack Crisps 6x25g,"£1.45with Nectar
£2.20£1.47 / 100g",
food-cupboard-essentials,Sainsbury's Chickpeas in Water 400g (240g*),49p£2.09 / kg,
food-cupboard-essentials,Stamford Street Co. Baked Beans in Tomato Sauce 400g,26p65p / kg,
food-cupboard-essentials,Sainsbury's Highland All Butter Shortbread Finger Biscuits 2...,£1.0553p / 100g,
food-cupboard-essentials,Sainsbury's Basmati Rice 1kg,£1.79£1.79 / kg,
food-cupboard-essentials,Napolina Chopped Tomatoes 4x400g,£3.00£1.88 / kg,
food-cupboard-essentials,Sainsbury's Fusilli Pasta 1kg,£1.29£1.29 / kg,
food-cupboard-essentials,Sainsbury's Plain Flour 1.5kg,70p47p / kg,
food-cupboard-essentials,Walkers Classic Variety Multipack Crisps 20x25g,£5.25£1.05 / 100g,
food-cupboard-essentials,Walkers Cheese & Onion Multipack Crisps 6x25g,"£1.45with Nectar
£2.20£1.47 / 100g",
food-cupboard-essentials,Sainsbury's Runny Honey 340g,£1.1935p / 100g,
food-cupboard-essentials,Sainsbury's Rich Tea Biscuits 200g,50p25p / 100g,
food-cupboard-essentials,KTC Chick Peas 400g,"45pwith Nectar
65p£1.63 / kg",
food-cupboard-essentials,Sainsbury's Spaghetti Pasta 500g,75p£1.50 / kg,
food-cupboard-essentials,Weetabix Cereal x48,£5.5011p / bisc,
food-cupboard-essentials,Heinz Tomato Ketchup 910g,£4.5049p / 100g,
food-cupboard-essentials,Sainsbury's Sweetcorn 3x198g (157g*),£1.32£2.80 / kg,
food-cupboard-essentials,Sainsbury's Baked Beans In Tomato Sauce 200g,30p£1.50 / kg,
food-cupboard-essentials,Sainsbury's Butter Beans In Water 400g (235g*),49p£1.23 / kg,
food-cupboard-essentials,Weetabix Cereal x24,"£3.00with Nectar
£3.5015p / bisc",
food-cupboard-essentials,Sainsbury's Scottish Porridge Oats 1kg,£1.2513p / 100g,
food-cupboard-essentials,Sainsbury's Penne Pasta 1kg,£1.38£1.38 / kg,
food-cupboard-essentials,Sainsbury's Self Raising Flour 1.5kg,70p47p / kg,
food-cupboard-essentials,Heinz Baked Beans in a Rich Tomato Sauce 4 x 415g,"£3.50with Nectar
£3.90£2.35 / kg",
food-cupboard-essentials,Walkers Wotsits Really Cheesy Multipack Crisps Snacks 6x16.5...,£2.20£2.22 / 100g,
food-cupboard-essentials,Sainsbury's Cannellini Beans In Water 400g (235g*),49p£2.09 / kg,
food-cupboard-essentials,McVitie's Digestives The Original Biscuits Twin Pack 2x360g,£3.2044p / 100g,
food-cupboard-essentials,Branston Baked Beans 4x410g,"£2.25with Nectar
£3.00£1.83 / kg",
food-cupboard-essentials,Sainsbury's Vegetable Oil 1L,£1.9920p / 100ml,
food-cupboard-essentials,Batchelors Super Noodles Chicken Flavour 90g,"75pwith Nectar
£1.00£11.11 / kg",
food-cupboard-essentials,Sainsbury's White Caster Sugar 1kg,£1.49£1.49 / kg,
food-cupboard-essentials,Heinz Baked Beans in a Rich Tomato Sauce 415g,£1.40£3.37 / kg,
food-cupboard-essentials,McCoy's Flame Grilled Steak Crisps 6x25g,"£1.75with Nectar
£2.35£1.57 / 100g",
food-cupboard-essentials,Kellogg's Corn Flakes Breakfast Cereal 450g,£2.3552p / 100g,
food-cupboard-essentials,Lindt Excellence Dark 70% Cocoa Chocolate Bar 100g,£3.50£3.50 / 100g,
food-cupboard-essentials,Sainsbury's Scottish Porridge Oats 1.5kg,£1.8512p / 100g,
food-cupboard-essentials,Sainsbury's Strong White Unbleached Bread Flour 1.5kg,£1.3087p / kg,
food-cupboard-essentials,Stamford Street Co. Salted Peanuts 200g,59p30p / 100g,
food-cupboard-essentials,KitKat Chunky Milk Chocolate Bar Multipack x4 40g,£1.95£1.22 / 100g,
food-cupboard-essentials,McVitie's Digestives The Original Biscuits 360g,£1.9053p / 100g,
food-cupboard-essentials,Sainsbury's Peach Slices In Fruit Juice 411g,£1.10£4.89 / kg,
food-cupboard-essentials,McVitie's Ginger Nut Biscuits 250g,£1.6064p / 100g,
food-cupboard-essentials,McCoy's Classic Variety Pack Crisps 6x25g,"£1.75with Nectar
£2.35£1.57 / 100g",
food-cupboard-essentials,Heinz Baked Beans in a Rich Tomato Sauce 200g,"80pwith Nectar
£1.00£5.00 / kg",
food-cupboard-essentials,KTC Chopped Tomatoes 400g,"45pwith Nectar
65p£1.63 / kg",
food-cupboard-essentials,Jacob's Baked Cheddars Cheese Crackers 150g,"£1.25with Nectar
£1.50£1.00 / 100g",
food-cupboard-essentials,JS Sunflower Oil 1L,£1.9920p / 100ml,
food-cupboard-essentials,Cadbury Dairy Milk Chocolate Bar 180g,£2.75£1.53 / 100g,
food-cupboard-essentials,Sainsbury's Red Kidney Beans in Chilli Sauce 400g,£1.00£2.50 / kg,
food-cupboard-essentials,McVitie's Milk Chocolate Digestives Biscuits 266g,"£1.50with Nectar
£2.2585p / 100g",
freefrom,Monster Energy Drink Ultra Zero Sugar 9x500ml,£10.5023p / 100ml,
freefrom,Haagen-Dazs Salted Caramel Ice Cream Frozen Dessert Tub 460m...,£5.75£1.25 / 100ml,
freefrom,Beavertown Cosmic Drop Berry Punch Beer 440ml,£2.75£6.25 / ltr,
freefrom,Pom-Bear Original Multipack Crisps 6x13g,"£1.50with Nectar
£2.25£2.88 / 100g",
freefrom,Birds Eye Potato Waffles x10 567g,"£2.00with Nectar
£2.35£4.14 / kg",
freefrom,Alpro Almond Milk No Sugars Chilled Dairy Alternative 1L,"£1.50with Nectar
£2.00£2.00 / ltr",
freefrom,Alpro Oat Milk No Sugars Chilled Dairy Alternative 1L,"£1.50with Nectar
£2.00£2.00 / ltr",
freefrom,Califia Farms Oat Drink Barista Blend 1L,"£1.50with Nectar
£2.10£2.10 / ltr",
freefrom,"Sainsbury's British Pork & Apple Sausages, Taste the Differe...",£3.00£7.50 / kg,
freefrom,Sainsbury's Unsweetened Long Life Soya Drink 1L,85p85p / ltr,
freefrom,Magnum Mini Classic Chocolate Ice Cream Sticks 6x55ml,"£3.75with Nectar
£5.00£1.52 / 100ml",
freefrom,Vitalite Dairy Free Spread 500g,"£1.70with Nectar
£2.00£4.00 / kg",
freefrom,Sainsbury's Unsweetened Long Life Almond Drink 1L,99p99p / ltr,
freefrom,Kettle Chips Lightly Salted Sharing Crisps 130g,£2.65£2.04 / 100g,
freefrom,Kallo Organic Lightly Salted Rice Cakes 130g,£1.75£1.35 / 100g,
freefrom,Seabrook Crinkle Cut Crisps Sea Salted 6x25g,£1.4597p / 100g,
freefrom,Oatly Oat Drink Whole Chilled 1L,£2.20£2.20 / ltr,
freefrom,BEAR Fruit Yoyos Strawberry Multipack 5x20g,"£2.00with Nectar
£2.85£2.85 / 100g",
freefrom,Sainsbury's No Added Salt Rice Cakes 135g,95p70p / 100g,
freefrom,Heck Chicken Italia Gluten Free Chipolata Sausages x10 340g,£3.25£9.56 / kg,
freefrom,Tyrrells Furrows Sea Salted Sharing Crisps 150g,£2.75£1.83 / 100g,
freefrom,Eat Natural Protein Peanuts Dark Chocolate Fruit & Nut Cerea...,"£2.00with Nectar
£2.60£2.17 / 100g",
freefrom,Nature Valley Protein Peanut & Chocolate Cereal Biscuit Snac...,"£2.50with Nectar
£3.00£1.88 / 100g",
freefrom,Alpro Almond Milk No Sugars Long Life Dairy Alternative 1L,£2.10£2.10 / ltr,
freefrom,Heck 97% Pork Gluten Free Sausages x6 400g,"£2.50with Nectar
£3.25£8.13 / kg",
freefrom,Alpro Strawberry Banana Peach Pear Soya Plant Based Yoghurt ...,£2.5050p / 100g,
freefrom,Alpro Plain No Sugars Soya Dairy Free Yoghurt Alternative 50...,£2.3046p / 100g,
freefrom,Sainsbury's Free from Fusilli Pasta 500g,75p£1.50 / kg,
freefrom,Alpro Soya Milk No Sugars Chilled Dairy Alternative 1L,£2.00£2.00 / ltr,
freefrom,Plenish Organic Almond Dairy Alternative Long Life Drink 1L,£2.35£2.35 / ltr,
freefrom,The Coconut Collab Natural Coconut Yoghurt 350g,£2.7579p / 100g,
freefrom,Alpro Blueberry & Cherry Soya Plant Based Yoghurt Alternativ...,£2.5050p / 100g,
freefrom,The Jolly Hog Proper Porker Sausage x6 400g,"£2.75with Nectar
£4.00£10.00 / kg",
freefrom,Kettle Chips Sea Salt & Balsamic Vinegar of Modena Sharing C...,£2.65£2.04 / 100g,
freefrom,McCain Slow Baked Jackets x4 800g,£3.70£4.63 / kg,
freefrom,Alpro Vanilla Soya Plant Based Yoghurt Alternative 500g,£2.3046p / 100g,
freefrom,Kettle Chips Sweet Chilli & Sour Cream Sharing Crisps 130g,£2.65£2.04 / 100g,
freefrom,Oatly Oat Drink Semi Chilled 1L,£2.20£2.20 / ltr,
freefrom,Nakd Blueberry Muffin Fruit & Nut Bars 4x35g,"£1.85with Nectar
£3.00£2.14 / 100g",
freefrom,Kettle Chips Lightly Salted Multipack Crisps 5x25g,"£1.50with Nectar
£2.65£2.12 / 100g",
freefrom,Alpro Barista Oat Milk Long Life Dairy Alternative 1L,"£1.50with Nectar
£2.10£2.10 / ltr",
freefrom,Proper Sea Salt Lentil Chips x5 14g,£2.20£3.14 / 100g,
freefrom,"Sainsbury's Rich Tea Fingers, Fingers 250g",75p30p / 100g,
freefrom,Quorn Vegetarian Mince 300g,"£1.50with Nectar
£2.65£8.83 / kg",
freefrom,Oatly Organic Oat Drink Long Life 1L,£2.00£2.00 / ltr,
freefrom,Oatly Semi Oat Drink Long Life 1L,"£1.50with Nectar
£1.90£1.90 / ltr",
freefrom,Kind Protein Dark Chocolate Nut Snack Bars Multipack 3x42g,£3.50£2.78 / 100g,
freefrom,Alpro Soya Milk Chilled Dairy Alternative 1L,£2.00£2.00 / ltr,
freefrom,Trek Cocoa Oat Protein Flapjacks 3 x 50g,£3.60£2.40 / 100g,
freefrom,Alpro Soya Milk No Sugars Long Life Dairy Alternative 1L,£2.10£2.10 / ltr,
freefrom,Sainsbury's Free from Penne Pasta 500g,75p£1.50 / kg,
freefrom,Sainsbury's Fresh British Turkey Meatballs x12 400g,£3.75£9.38 / kg,
freefrom,Tyrrells Cheddar Cheese & Chive Sharing Crisps 150g,"£2.00with Nectar
£2.75£1.83 / 100g",
freefrom,Tilda Microwave Rice Classics Sticky 250g,£1.00£4.00 / kg,
freefrom,Quorn Vegetarian Mince Family Pack 500g,£2.95£5.90 / kg,
freefrom,Kind Dark Chocolate Nuts & Sea Salt Cereal Bars Multipack 3x...,"£2.00with Nectar
£3.00£3.33 / 100g",
freefrom,Properchips Barbecue Lentil Chips 5x14g,£2.20£3.14 / 100g,
freefrom,Tyrrells Chips Lightly Sea Salted 150g,"£2.00with Nectar
£2.75£1.83 / 100g",
freefrom,Swedish Glace Vanilla Dairy Free Vegan Ice Cream Tub Dessert...,£3.2543p / 100ml,
freefrom,Quorn Vegetarian Chicken Style Pieces 500g,£2.95£5.90 / kg,
fruit-and-desserts,Bird's Custard Powder 350g,£2.2063p / 100g,
fruit-and-desserts,Angel Delight Banana Flavour 59g,95p£1.61 / 100g,
fruit-and-desserts,Mr Kipling Golden Syrup Sponge Puddings 2x95g,£2.00£1.05 / 100g,
fruit-and-desserts,Sainsbury's Peach Slices In Fruit Juice 411g,£1.10£4.89 / kg,
fruit-and-desserts,Stamford Street Co. Peach Slices in Light Syrup 411g,37p90p / kg,
fruit-and-desserts,BEAR Fruit Yoyos Strawberry Multipack 5x20g,"£2.00with Nectar
£2.85£2.85 / 100g",
fruit-and-desserts,Sainsbury's Pineapple Chunks in Fruit Juice 425g,£1.10£4.07 / kg,
fruit-and-desserts,Ambrosia Custard Dessert Pots 4 x 120g,"£2.50with Nectar
£2.9561p / 100g",
fruit-and-desserts,Sainsbury's Evaporated Milk 410g,55p13p / 100g,
fruit-and-desserts,Sainsbury's Ready To Eat Custard 500g,70p14p / 100g,
fruit-and-desserts,Sainsbury's Pear Halves in Refined Fruit Juice 411g,£1.10£4.89 / kg,
fruit-and-desserts,Calypso Mr Freeze Ice Pops 20x45ml,"£1.25with Nectar
£1.7019p / 100ml",
fruit-and-desserts,Dole Mango In Juice Fruit Snacks 4x113g,"£2.00with Nectar
£2.30£8.68 / kg",
fruit-and-desserts,Sainsbury's Mandarin Segments in Fruit Juice 298g,£1.05£3.52 / kg,
fruit-and-desserts,Sainsbury's Pineapple Slices in Juice 227g,80p£5.71 / kg,
fruit-and-desserts,Sainsbury's Apricot Halves in Fruit Juice 411g,£1.10£4.58 / kg,
fruit-and-desserts,Kellogg's Fruit Winders Doubles Apple & Strawberry Rolls 5x1...,"£1.50with Nectar
£2.00£2.35 / 100g",
fruit-and-desserts,Del Monte Fruit Cocktail In Juice 415g (250g Drained),£1.20£4.80 / kg,
fruit-and-desserts,"Sainsbury's Meringue Nests, Taste the Difference 108g x8",£2.00£1.85 / 100g,
fruit-and-desserts,"Sainsbury's Prunes, Pitted, in Juice 290g",£1.10£6.29 / kg,
fruit-and-desserts,Del Monte Peach Slices In Juice 415g (250g Drained),£1.20£4.80 / kg,
fruit-and-desserts,Dole Pineapple In Juice Fruit Snacks 4x113g,"£2.00with Nectar
£2.30£8.85 / kg",
fruit-and-desserts,Sainsbury's Ready to Eat Dried Apricots 500g,£4.0080p / 100g,
fruit-and-desserts,"The Fruit Factory Strawberry, Apple & Orange Fruit Stars 5x2...","£2.00with Nectar
£2.50£2.50 / 100g",
fruit-and-desserts,Dole Mandarins In Juice Fruit Snacks 4x113g,"£2.00with Nectar
£2.30£8.52 / kg",
fruit-and-desserts,"Sainsbury's Canadian Maple Syrup, Taste the Difference 250g",£5.20£2.08 / 100g,
fruit-and-desserts,Stamford Street Co. Rice Pudding 400g,29p7p / 100g,
fruit-and-desserts,Ambrosia Rice Pudding Dessert Pots 4 x 120g,"£2.50with Nectar
£2.9561p / 100g",
fruit-and-desserts,BEAR Fruit Yoyos Raspberry Multipack 5x20g,"£2.00with Nectar
£2.85£2.85 / 100g",
fruit-and-desserts,"Sainsbury's Vanilla Custard, Taste the Difference 500g",£2.9559p / 100g,
fruit-and-desserts,Dole Peaches In Juice Fruit Snacks 4x113g,"£2.00with Nectar
£2.30£8.85 / kg",
fruit-and-desserts,Del Monte Prunes in Juice 410g,£1.20£2.93 / kg,
fruit-and-desserts,Sainsbury's Condensed Milk 397g,89p22p / 100g,
fruit-and-desserts,Clarks Original Maple Syrup with Carob Syrup 180ml,£2.50£1.39 / 100ml,
fruit-and-desserts,Hartley's Strawberry Jelly 135g,£1.0074p / 100g,
fruit-and-desserts,"Sainsbury's Rice Pudding, Creamed 400g",90p23p / 100g,
fruit-and-desserts,Dole Tropical Gold Premium Pineapple Slices In Juice 227g,£1.00£4.41 / kg,
fruit-and-desserts,Kellogg's Fruit Winders Strawberry Snack 5x17g,"£1.50with Nectar
£2.00£2.35 / 100g",
fruit-and-desserts,"Hartley's Jelly, Raspberry 135g",£1.0074p / 100g,
fruit-and-desserts,Whitworths Dates 300g,£2.1070p / 100g,
fruit-and-desserts,Del Monte Pear Halves In Juice 415g (230g Drained),£1.20£5.22 / kg,
fruit-and-desserts,"The Fruit Factory Strawberry, Apple & Orange Fruit Strings 5...","£2.00with Nectar
£2.50£2.50 / 100g",
fruit-and-desserts,Angel Delight Butterscotch Flavour Dessert 59g,95p£1.61 / 100g,
fruit-and-desserts,Whitworths Whole Cranberries 130g,£2.10£1.62 / 100g,
fruit-and-desserts,Sainsbury's Peach Slices In Fruit Juice 213g,70p£5.60 / kg,
fruit-and-desserts,Sainsbury's Ready To Eat Custard 1kg,£1.4014p / 100g,
fruit-and-desserts,Dole Tropical Gold Premium Pineapple Chunks In Juice 227g,£1.00£4.41 / kg,
fruit-and-desserts,Carnation Sweetened Condensed Milk Tin 397g,£1.7544p / 100g,
fruit-and-desserts,Stamford Street Co. Custard 385g,42p11p / 100g,
fruit-and-desserts,Buckwud Organic Maple Syrup 250g,"£5.00with Nectar
£6.20£2.48 / 100g",
fruit-and-desserts,Ella's Kitchen Organic the Red One Smoothie Multipack Baby F...,"£3.30with Nectar
£4.2594p / 100g",
fruit-and-desserts,Ambrosia Deluxe Custard Madagascan Vanilla 2x120g,"£1.00with Nectar
£1.6067p / 100g",
fruit-and-desserts,Dole Tropical Fruit In Juice Fruit Snacks 4x113g,"£2.00with Nectar
£2.30£8.68 / kg",
fruit-and-desserts,The Fruit Factory Fruit Twists 90g,"£2.00with Nectar
£2.50£2.78 / 100g",
fruit-and-desserts,The Fruit Factory Strawberry Fruit Strings 5x20g,"£2.00with Nectar
£2.50£2.50 / 100g",
fruit-and-desserts,Hartley's Sugar Free Raspberry Jelly Twin Pack 23g,£1.30£5.65 / 100g,
fruit-and-desserts,Hartley's Strawberry Jelly Pot Multipack 6x125g,£2.7036p / 100g,
fruit-and-desserts,Hartley's Sugar Free Strawberry Jelly Twin Pack 23g,£1.30£5.65 / 100g,
fruit-and-desserts,Sainsbury's Evaporated Milk 170g,49p29p / 100g,
fruit-and-desserts,Ambrosia Deluxe Custard West Country Cream Can 400g,"£1.25with Nectar
£2.2055p / 100g",
jams-honey-and-spreads,Nutella Hazelnut Chocolate Spread Jar 630g,"£4.75with Nectar
£5.2583p / 100g",
jams-honey-and-spreads,Nutella Hazelnut & Chocolate Spread 350g,£3.2091p / 100g,
jams-honey-and-spreads,Nutella Hazelnut & Chocolate Spread 1kg,£6.9069p / 100g,
jams-honey-and-spreads,Sainsbury's Runny Honey 340g,£1.1935p / 100g,
jams-honey-and-spreads,Stamford Street Co. Clear Honey 340g,79p23p / 100g,
jams-honey-and-spreads,Marmite Classic Yeast Extract Spread 250g,£3.00£1.20 / 100g,
jams-honey-and-spreads,Bonne Maman Strawberry Conserve 370g,£3.3089p / 100g,
jams-honey-and-spreads,Sainsbury's Runny Honey 720g,£2.3032p / 100g,
jams-honey-and-spreads,Sainsbury's Strawberry Jam 454g,89p20p / 100g,
jams-honey-and-spreads,Sainsbury's Crunchy Peanut Butter 340g,£1.8053p / 100g,
jams-honey-and-spreads,Sainsbury's Peanut Butter Smooth 340g,£1.1032p / 100g,
jams-honey-and-spreads,Stamford Street Co. Strawberry Jam 454g,45p10p / 100g,
jams-honey-and-spreads,Rowse Original Squeezy Honey 680g,£4.5066p / 100g,
jams-honey-and-spreads,Sainsbury's Smooth Peanut Butter 340g,£1.8053p / 100g,
jams-honey-and-spreads,Rowse Natural Blossom Honey Squeezy 340g,"£2.00with Nectar
£3.0088p / 100g",
jams-honey-and-spreads,"Sainsbury's Orange Marmalade, Fine Cut 454g",£1.1024p / 100g,
jams-honey-and-spreads,Bonne Maman Raspberry Conserve 370g,£3.3089p / 100g,
jams-honey-and-spreads,Hartley's Strawberry Seedless Jam 300g,£1.7057p / 100g,
jams-honey-and-spreads,Sainsbury's Hazelnut Chocolate Spread 400g,£1.6541p / 100g,
jams-honey-and-spreads,"Sainsbury's Fresh Fruit Bitter Orange Marmalade, Taste the D...",£1.8053p / 100g,
jams-honey-and-spreads,Pip & Nut Crunchy Peanut Butter 1kg,£7.0070p / 100g,
jams-honey-and-spreads,"Sainsbury's Strawberry Conserve, Taste the Difference 340g",£2.5575p / 100g,
jams-honey-and-spreads,Stamford Street Co. Crunchy Peanut Butter 340g,99p29p / 100g,
jams-honey-and-spreads,"Sainsbury's Raspberry Conserve, Taste the Difference 340g",£2.5575p / 100g,
jams-honey-and-spreads,Sainsbury's Peanut Butter Crunchy 340g,£1.1032p / 100g,
jams-honey-and-spreads,"Sainsbury's Raspberry Jam, Seedless 454g",89p20p / 100g,
jams-honey-and-spreads,Sainsbury's Set Honey 454g,£1.7539p / 100g,
jams-honey-and-spreads,Nutella Hazelnut & Chocolate Spread 200g,£2.35£1.18 / 100g,
jams-honey-and-spreads,Sainsbury's Clear Honey 454g,£1.7539p / 100g,
jams-honey-and-spreads,Pip & Nut Smooth Peanut Butter 300g,£3.25£1.08 / 100g,
jams-honey-and-spreads,Marmite Classic Yeast Extract Spread 500g,£5.85£1.17 / 100g,
jams-honey-and-spreads,Sainsbury's Reduced Sugar Fine Cut Orange Marmalade 415g,£1.1027p / 100g,
jams-honey-and-spreads,Meridian Smooth Peanut Butter 280g,£2.80£1.00 / 100g,
jams-honey-and-spreads,"Frank Cooper's Fine Cut Oxford Marmalade, Seville Orange 454...",£3.2070p / 100g,
jams-honey-and-spreads,Bonne Maman Apricot Conserve 370g,£3.3089p / 100g,
jams-honey-and-spreads,"Sainsbury's Yeast Extract, Reduced Salt 225g",£2.35£1.04 / 100g,
jams-honey-and-spreads,Rowse Original Squeezy Honey 250g,£2.0080p / 100g,
jams-honey-and-spreads,Pip & Nut Smooth Almond Butter 170g,£3.40£2.00 / 100g,
jams-honey-and-spreads,Pip & Nut Crunchy Peanut Butter 300g,£3.25£1.08 / 100g,
jams-honey-and-spreads,Stamford Street Co. Chocolate Spread 400g,£1.1529p / 100g,
jams-honey-and-spreads,Stamford Street Co. Medium Cut Orange Marmalade 454g,85p19p / 100g,
jams-honey-and-spreads,"Sainsbury's Fresh Fruit Three Fruits Marmalade, Taste the Di...",£1.8053p / 100g,
jams-honey-and-spreads,Sainsbury's Seedless Strawberry Jam 454g,89p20p / 100g,
jams-honey-and-spreads,Pip & Nut Peanut Butter 1kg,£7.0070p / 100g,
jams-honey-and-spreads,Bonne Maman Bitter Orange Marmalade 370g,"£2.30with Nectar
£3.5095p / 100g",
jams-honey-and-spreads,Meridian Crunchy Peanut Butter 280g,£2.80£1.00 / 100g,
jams-honey-and-spreads,Sainsbury's Blackcurrant Jam 454g,89p20p / 100g,
jams-honey-and-spreads,"Sainsbury's Orange Marmalade, Thick Cut 454g",£1.1024p / 100g,
jams-honey-and-spreads,Sainsbury's Beef Paste 75g,60p80p / 100g,
jams-honey-and-spreads,Sun-Pat Smooth Peanut Butter 570g,£3.7566p / 100g,
jams-honey-and-spreads,Sainsbury's Peanut Butter Crunchy 700g,£2.2532p / 100g,
jams-honey-and-spreads,Pip & Nut Smooth Almond Butter 425g,£7.50£1.76 / 100g,
jams-honey-and-spreads,Whole Earth Organic Smooth Peanut Butter 340g,£4.50£1.32 / 100g,
jams-honey-and-spreads,Sainsbury's Milk Chocolate Spread Chocolate 400g,£1.6541p / 100g,
jams-honey-and-spreads,Duerr's Fine Cut Seville Orange Marmalade 340g,£1.5044p / 100g,
jams-honey-and-spreads,Sainsbury's Reduced Sugar Strawberry Jam 415g,81p20p / 100g,
jams-honey-and-spreads,Princes Salmon Paste 75g,95p£1.27 / 100g,
jams-honey-and-spreads,Lotus Biscoff Smooth Spread 400g,£3.2080p / 100g,
jams-honey-and-spreads,Heinz Sandwich Spread 300g,£2.1572p / 100g,
jams-honey-and-spreads,Robertson's Golden Shredless Orange Marmalade 454g,£2.1547p / 100g,
rice-pasta-and-noodles,Sainsbury's Microwave Rice Basmati 250g,60p£2.40 / kg,
rice-pasta-and-noodles,Sainsbury's Italian Rigatoni Tubes Pasta 500g,69p£1.38 / kg,
rice-pasta-and-noodles,Sainsbury's Basmati Rice 1kg,£1.79£1.79 / kg,
rice-pasta-and-noodles,Sainsbury's Fusilli Pasta 1kg,£1.29£1.29 / kg,
rice-pasta-and-noodles,Sainsbury's Spaghetti Pasta 500g,75p£1.50 / kg,
rice-pasta-and-noodles,Sainsbury's Penne Pasta 1kg,£1.38£1.38 / kg,
rice-pasta-and-noodles,Sainsbury's Microwave Rice Brown 250g,60p£2.40 / kg,
rice-pasta-and-noodles,Batchelors Super Noodles Chicken Flavour 90g,"75pwith Nectar
£1.00£11.11 / kg",
rice-pasta-and-noodles,Sainsbury's Wholewheat Fusilli Pasta 500g,75p£1.50 / kg,
rice-pasta-and-noodles,Sainsbury's Fusilli Pasta 500g,65p£1.30 / kg,
rice-pasta-and-noodles,Sainsbury's Microwave Rice Long Grain White 250g,60p£2.40 / kg,
rice-pasta-and-noodles,Tilda Microwave Rice Pure Basmati 250g,£1.00£4.00 / kg,
rice-pasta-and-noodles,Sainsbury's Macaroni Pasta 500g,72p£1.44 / kg,
rice-pasta-and-noodles,Sainsbury's Linguine Pasta 500g,75p£1.50 / kg,
rice-pasta-and-noodles,Pot Noodle Chicken & Mushroom 90g,"75pwith Nectar
£1.10£12.22 / kg",
rice-pasta-and-noodles,Sainsbury's Microwave Rice Spicy Mexican 250g,75p£3.00 / kg,
rice-pasta-and-noodles,Stamford Street Co. Spaghetti 500g,28p56p / kg,
rice-pasta-and-noodles,Sainsbury's Spaghetti Wholewheat Pasta 500g,75p£1.50 / kg,
rice-pasta-and-noodles,Sainsbury's Microwave Rice Golden Vegetable 250g,75p£3.00 / kg,
rice-pasta-and-noodles,Sainsbury's Spirali Pasta 500g,75p£1.50 / kg,
rice-pasta-and-noodles,"Sainsbury's Orzo Pasta, Taste the Difference 500g",£2.00£4.00 / kg,
rice-pasta-and-noodles,Ko-Lee Instant Noodles Chicken Flavour 70g,30p£4.29 / kg,
rice-pasta-and-noodles,Sainsbury's Basmati Rice 500g,89p£1.78 / kg,
rice-pasta-and-noodles,Sainsbury's Penne Rigate Pasta 500g,69p£1.38 / kg,
rice-pasta-and-noodles,Sainsbury's Microwave Rice Brown Basmati 250g,60p£2.40 / kg,
rice-pasta-and-noodles,Sainsbury's Lasagne Sheets Pasta 500g,75p£1.50 / kg,
rice-pasta-and-noodles,Sainsbury's Easy Cook Long Grain White Rice 1kg,£1.25£1.25 / kg,
rice-pasta-and-noodles,Veetee Heat&eat Sticky Rice Pots x2 260g,£1.40£5.60 / kg,
rice-pasta-and-noodles,Sainsbury's Arborio Risotto Rice 500g,£2.40£4.80 / kg,
rice-pasta-and-noodles,Sainsbury's Medium Noodles 250g,95p£3.80 / kg,
rice-pasta-and-noodles,Sainsbury's Spaghetti Pasta 1kg,£1.50£1.50 / kg,
rice-pasta-and-noodles,Sharwood's Medium Egg Noodles 226g,"£1.25with Nectar
£2.00£8.85 / kg",
rice-pasta-and-noodles,Stamford Street Co. Penne Pasta 500g,41p82p / kg,
rice-pasta-and-noodles,Ben's Original Golden Vegetable Microwave Rice 220g,£1.40£6.36 / kg,
rice-pasta-and-noodles,Sainsbury's Conchiglie Shells Pasta 500g,69p£1.38 / kg,
rice-pasta-and-noodles,Napolina Spaghetti Pasta 500g,"£1.00with Nectar
£1.50£3.00 / kg",
rice-pasta-and-noodles,Sainsbury's Wholewheat Medium Noodles 250g,95p£3.80 / kg,
rice-pasta-and-noodles,Sainsbury's Wholewheat Penne Pasta 500g,69p£1.38 / kg,
rice-pasta-and-noodles,Napolina Rigatoni Pasta 500g,"£1.00with Nectar
£1.50£3.00 / kg",
rice-pasta-and-noodles,Sainsbury's Tagliatelle Pasta 500g,75p£1.50 / kg,
rice-pasta-and-noodles,Sainsbury's Free from Fusilli Pasta 500g,75p£1.50 / kg,
rice-pasta-and-noodles,Tilda Microwave Rice Wholegrain Basmati 250g,£1.00£4.00 / kg,
rice-pasta-and-noodles,Sainsbury's Brown Rice 1kg,£1.39£1.39 / kg,
rice-pasta-and-noodles,Walkers Max Paprika Multipack Crisps 6x27g,"£1.75with Nectar
£2.20£1.36 / 100g",
rice-pasta-and-noodles,Nik Naks Nice N Spicy Crisps 6 x 20g,£1.60£1.33 / 100g,
rice-pasta-and-noodles,Merchant Gourmet Puy Lentils & French Green Lentils Simply C...,£2.15£8.60 / kg,
rice-pasta-and-noodles,Veetee Heat& Eat Basmati Rice Pots x2 250g,"£1.00with Nectar
£1.15£4.60 / kg",
rice-pasta-and-noodles,"Batchelors Pasta 'n' Sauce, Cheese & Broccoli 99g",£1.00£10.10 / kg,
rice-pasta-and-noodles,Sainsbury's Cous Cous 500g,£1.20£2.40 / kg,
rice-pasta-and-noodles,Sainsbury's Medium Noodles Quick To Cook x2 300g,£1.00£3.33 / kg,
rice-pasta-and-noodles,Sainsbury's Udon Noodles Quick To Cook x2 300g,£1.00£3.33 / kg,
rice-pasta-and-noodles,Ben's Original Mexican Style Microwave Rice 220g,£1.40£6.36 / kg,
rice-pasta-and-noodles,Sainsbury's Farfalle Pasta 500g,69p£1.38 / kg,
rice-pasta-and-noodles,Sainsbury's Microwave Rice Thai 250g,65p£2.60 / kg,
rice-pasta-and-noodles,Stamford Street Co. White Rice 1kg,52p52p / kg,
rice-pasta-and-noodles,Napolina Penne Pasta 500g,"£1.00with Nectar
£1.50£3.00 / kg",
rice-pasta-and-noodles,Sainsbury's Free from Penne Pasta 500g,75p£1.50 / kg,
rice-pasta-and-noodles,Tilda Microwave Rice Classics Sticky 250g,£1.00£4.00 / kg,
rice-pasta-and-noodles,Sainsbury's Rice Noodles 250g,85p£3.40 / kg,
rice-pasta-and-noodles,Sainsbury's Microwave Rice Egg Fried 250g,65p£2.60 / kg,
stock-up-the-cupboards,Kellogg's Coco Pops Chocolate Breakfast Cereal 650g,"£3.75with Nectar
£4.2565p / 100g",
stock-up-the-cupboards,Kellogg's Frosties Breakfast Cereal 470g,"£2.85with Nectar
£3.5074p / 100g",
stock-up-the-cupboards,Kellogg's Corn Flakes Breakfast Cereal 1kg,£4.0040p / 100g,
stock-up-the-cupboards,"Sainsbury's Tomato Puree, Double Concentrate 200g",59p£2.95 / kg,
stock-up-the-cupboards,Sainsbury's Chopped Tomatoes Can 400g,47p£1.18 / kg,
stock-up-the-cupboards,Sainsbury's White Granulated Sugar 1kg,£1.09£1.09 / kg,
stock-up-the-cupboards,Sainsbury's Tuna Chunks in Spring Water 4x145g,£2.4961p / 100g,
stock-up-the-cupboards,Sainsbury's Passata 500g,49p98p / kg,
stock-up-the-cupboards,Sainsbury's Red Kidney Beans in Water 400g (240g*),49p£2.04 / kg,
stock-up-the-cupboards,Pom-Bear Original Multipack Crisps 6x13g,"£1.50with Nectar
£2.25£2.88 / 100g",
stock-up-the-cupboards,Sainsbury's Italian Chopped Tomatoes 4×400g,£1.88£1.18 / kg,
stock-up-the-cupboards,Stamford Street Co. Chopped Tomatoes in Tomato Juice 400g,45p£1.13 / kg,
stock-up-the-cupboards,Walkers Ready Salted Multipack Crisps 6x25g,"£1.45with Nectar
£2.20£1.47 / 100g",
stock-up-the-cupboards,Sainsbury's Chickpeas in Water 400g (240g*),49p£2.09 / kg,
stock-up-the-cupboards,Jacob's Mini Cheddars Original Baked Snacks Multipack 6x23g,£1.90£1.38 / 100g,
stock-up-the-cupboards,Stamford Street Co. Baked Beans in Tomato Sauce 400g,26p65p / kg,
stock-up-the-cupboards,Sainsbury's Highland All Butter Shortbread Finger Biscuits 2...,£1.0553p / 100g,
stock-up-the-cupboards,Sainsbury's Basmati Rice 1kg,£1.79£1.79 / kg,
stock-up-the-cupboards,Napolina Chopped Tomatoes 4x400g,£3.00£1.88 / kg,
stock-up-the-cupboards,Sainsbury's Fusilli Pasta 1kg,£1.29£1.29 / kg,
stock-up-the-cupboards,Sainsbury's Plain Flour 1.5kg,70p47p / kg,
stock-up-the-cupboards,Walkers Classic Variety Multipack Crisps 20x25g,£5.25£1.05 / 100g,
stock-up-the-cupboards,Walkers Cheese & Onion Multipack Crisps 6x25g,"£1.45with Nectar
£2.20£1.47 / 100g",
stock-up-the-cupboards,Sainsbury's Runny Honey 340g,£1.1935p / 100g,
stock-up-the-cupboards,Sainsbury's Rich Tea Biscuits 200g,50p25p / 100g,
stock-up-the-cupboards,Sainsbury's Wholegrain Malties Cereal 750g,£1.1415p / 100g,
stock-up-the-cupboards,KTC Chick Peas 400g,"45pwith Nectar
65p£1.63 / kg",
stock-up-the-cupboards,Sainsbury's Spaghetti Pasta 500g,75p£1.50 / kg,
stock-up-the-cupboards,Weetabix Cereal x48,£5.5011p / bisc,
stock-up-the-cupboards,Heinz Tomato Ketchup 910g,£4.5049p / 100g,
stock-up-the-cupboards,Sainsbury's Sweetcorn 3x198g (157g*),£1.32£2.80 / kg,
stock-up-the-cupboards,Sainsbury's Baked Beans In Tomato Sauce 200g,30p£1.50 / kg,
stock-up-the-cupboards,Sainsbury's Butter Beans In Water 400g (235g*),49p£1.23 / kg,
stock-up-the-cupboards,Weetabix Cereal x24,"£3.00with Nectar
£3.5015p / bisc",
stock-up-the-cupboards,Sainsbury's Scottish Porridge Oats 1kg,£1.2513p / 100g,
stock-up-the-cupboards,Sainsbury's Penne Pasta 1kg,£1.38£1.38 / kg,
stock-up-the-cupboards,Sainsbury's Self Raising Flour 1.5kg,70p47p / kg,
stock-up-the-cupboards,Heinz Baked Beans in a Rich Tomato Sauce 4 x 415g,"£3.50with Nectar
£3.90£2.35 / kg",
stock-up-the-cupboards,Walkers Wotsits Really Cheesy Multipack Crisps Snacks 6x16.5...,£2.20£2.22 / 100g,
stock-up-the-cupboards,Sainsbury's Cannellini Beans In Water 400g (235g*),49p£2.09 / kg,
stock-up-the-cupboards,Princes Tuna Chunks in Spring Water 4x145g,"£3.75with Nectar
£4.25£1.04 / 100g",
stock-up-the-cupboards,Heinz Baked Beans in a Rich Tomato Sauce 6 x 415g,£5.00£2.01 / kg,
stock-up-the-cupboards,McVitie's Digestives The Original Biscuits Twin Pack 2x360g,£3.2044p / 100g,
stock-up-the-cupboards,Branston Baked Beans 4x410g,"£2.25with Nectar
£3.00£1.83 / kg",
stock-up-the-cupboards,Sainsbury's Vegetable Oil 1L,£1.9920p / 100ml,
stock-up-the-cupboards,Batchelors Super Noodles Chicken Flavour 90g,"75pwith Nectar
£1.00£11.11 / kg",
stock-up-the-cupboards,Sainsbury's White Caster Sugar 1kg,£1.49£1.49 / kg,
stock-up-the-cupboards,Heinz Baked Beans in a Rich Tomato Sauce 415g,£1.40£3.37 / kg,
stock-up-the-cupboards,Tilda Microwave Rice Pure Basmati 250g,£1.00£4.00 / kg,
stock-up-the-cupboards,McCoy's Flame Grilled Steak Crisps 6x25g,"£1.75with Nectar
£2.35£1.57 / 100g",
stock-up-the-cupboards,Kellogg's Corn Flakes Breakfast Cereal 450g,£2.3552p / 100g,
stock-up-the-cupboards,"Sainsbury's Olive Oil, Extra Virgin 1L",£7.0070p / 100ml,
stock-up-the-cupboards,Walkers Classic Variety Multipack Crisps 6x25g,"£1.45with Nectar
£2.20£1.47 / 100g",
stock-up-the-cupboards,Yorkshire Tea Tea Bags x160,£7.00£1.40 / 100g,
stock-up-the-cupboards,Lindt Excellence Dark 70% Cocoa Chocolate Bar 100g,£3.50£3.50 / 100g,
stock-up-the-cupboards,Walkers Squares Variety Multipack Crisps Snacks 6x22g,£2.20£1.67 / 100g,
stock-up-the-cupboards,Sainsbury's Scottish Porridge Oats 1.5kg,£1.8512p / 100g,
stock-up-the-cupboards,McVitie's Jaffa Cakes Original Biscuits x10,£1.50£1.36 / 100g,
stock-up-the-cupboards,Sainsbury's Strong White Unbleached Bread Flour 1.5kg,£1.3087p / kg,
stock-up-the-cupboards,Stamford Street Co. Salted Peanuts 200g,59p30p / 100g,
sugar-and-home-baking,Bird's Instant Custard Powder Sachets 3x75g,£2.2098p / 100g,
sugar-and-home-baking,Angel Delight Strawberry Flavour Dessert 59g,95p£1.61 / 100g,
sugar-and-home-baking,Angel Delight Chocolate Flavour Dessert 59g,95p£1.90 / 100g,
sugar-and-home-baking,Sainsbury's British Semi Skimmed Milk 2.27L (4 pint),£1.6573p / ltr,
sugar-and-home-baking,Sainsbury's British Free Range Eggs Large x12,£3.2527p / ea,
sugar-and-home-baking,"Sainsbury's British Butter, Salted 250g",£1.99£7.96 / kg,
sugar-and-home-baking,"Sainsbury's British Butter, Unsalted 250g",£1.99£7.96 / kg,
sugar-and-home-baking,Sainsbury's White Granulated Sugar 1kg,£1.09£1.09 / kg,
sugar-and-home-baking,Sainsbury's Double Cream 300ml,£1.4950p / 100ml,
sugar-and-home-baking,Sainsbury's Kitchen Foil 300mm x10m,£1.4014p / mtr,
sugar-and-home-baking,Sainsbury's Plain Flour 1.5kg,70p47p / kg,
sugar-and-home-baking,Sainsbury's Runny Honey 340g,£1.1935p / 100g,
sugar-and-home-baking,Sainsbury's Double Cream 600ml,£2.9048p / 100ml,
sugar-and-home-baking,Sainsbury's Self Raising Flour 1.5kg,70p47p / kg,
sugar-and-home-baking,Sainsbury's White Caster Sugar 1kg,£1.49£1.49 / kg,
sugar-and-home-baking,Lindt Excellence Dark 70% Cocoa Chocolate Bar 100g,£3.50£3.50 / 100g,
sugar-and-home-baking,Sainsbury's Non Stick Baking Paper,£2.0013p / mtr,
sugar-and-home-baking,"Sainsbury's Woodland Free Range Large Eggs, SO Organic x6",£2.9549p / ea,
sugar-and-home-baking,Sainsbury's Strong White Unbleached Bread Flour 1.5kg,£1.3087p / kg,
sugar-and-home-baking,Sainsbury's British Single Cream 300ml,£1.3043p / 100ml,
sugar-and-home-baking,Sainsbury's Chia Seeds 150g,£1.80£12.00 / kg,
sugar-and-home-baking,Sainsbury's Lemon Juice 250ml,80p32p / 100ml,
sugar-and-home-baking,"Sainsbury's Walnuts, Pieces 200g",£2.85£14.25 / kg,
sugar-and-home-baking,Sainsbury's Pumpkin Seeds 100g,£1.20£12.00 / kg,
sugar-and-home-baking,Stamford Street Co. Clear Honey 340g,79p23p / 100g,
sugar-and-home-baking,"Sainsbury's Raisins, Seedless 500g",£2.00£4.00 / kg,
sugar-and-home-baking,Sainsbury's White Granulated Sugar 500g,85p£1.70 / kg,
sugar-and-home-baking,Clarence Court Mabel Pearmans's Burford Brown Medium Free Ra...,£3.2053p / ea,
sugar-and-home-baking,Sainsbury's Strawberry Jam 454g,89p20p / 100g,
sugar-and-home-baking,Sainsbury's Milk Chocolate Chips 100g,£1.40£1.40 / 100g,
sugar-and-home-baking,Fudco Sunflower & Pumpkin Seed Mix 250g,"£2.40with Nectar
£3.00£12.00 / kg",
sugar-and-home-baking,Sainsbury's Seed Mix 100g,90p£9.00 / kg,
sugar-and-home-baking,Sainsbury's Cornflour 500g,£2.50£5.00 / kg,
sugar-and-home-baking,Sainsbury's Plain Flour 500g,45p90p / kg,
sugar-and-home-baking,Sainsbury's Pine Nuts 100g,£3.90£39.00 / kg,
sugar-and-home-baking,Sainsbury's Fairtrade White Granulated Sugar 1kg,£1.20£1.20 / kg,
sugar-and-home-baking,Sainsbury's Evaporated Milk 410g,55p13p / 100g,
sugar-and-home-baking,Sainsbury's Mixed Nuts 300g,£4.75£1.58 / 100g,
sugar-and-home-baking,Sainsbury's Bicarbonate Of Soda 180g,59p£3.28 / kg,
sugar-and-home-baking,Sainsbury's Pecan Nuts 200g,£3.50£17.50 / kg,
sugar-and-home-baking,Stork Baking Spread Alternative to Butter 500g,£2.50£5.00 / kg,
sugar-and-home-baking,The Happy Egg Co. Free Range Large x10,£4.1041p / ea,
sugar-and-home-baking,Rowse Original Squeezy Honey 680g,£4.5066p / 100g,
sugar-and-home-baking,Sainsbury's Sultanas 500g,£2.00£4.00 / kg,
sugar-and-home-baking,Sainsbury's Icing Sugar 1kg,£2.55£2.55 / kg,
sugar-and-home-baking,Sainsbury's Fairtrade Demerara Cane Sugar 500g,£1.60£3.20 / kg,
sugar-and-home-baking,Sainsbury's Fairtrade Light Soft Brown Sugar 500g,£1.80£3.60 / kg,
sugar-and-home-baking,Sainsbury's Whole Almonds 300g,£4.00£1.33 / 100g,
sugar-and-home-baking,Sundora Sultanas 500g,£1.30£2.60 / kg,
sugar-and-home-baking,Sainsbury's Sunflower Seeds 100g,£1.20£12.00 / kg,
sugar-and-home-baking,Rowse Natural Blossom Honey Squeezy 340g,"£2.00with Nectar
£3.0088p / 100g",
sugar-and-home-baking,Sainsbury's Pistachio Nuts 100g,£2.75£27.50 / kg,
sugar-and-home-baking,Sainsbury's Cashew Kernels 200g,£2.75£13.75 / kg,
sugar-and-home-baking,Sainsbury's Baking Powder 160g,61p£3.81 / kg,
sugar-and-home-baking,"Sainsbury's Meringue Nests, Taste the Difference 108g x8",£2.00£1.85 / 100g,
sugar-and-home-baking,"Sainsbury's Flaked Almonds, SO Organic 100g",£2.50£25.00 / kg,
sugar-and-home-baking,Sainsbury's Golden Syrup 750g,£1.8024p / 100g,
sugar-and-home-baking,Lindt Excellence Intense Dark 90% Cocoa Chocolate Bar 100g,£3.50£3.50 / 100g,
sugar-and-home-baking,"Sainsbury's Raisins, Seedless 1kg",£3.90£3.90 / kg,
sugar-and-home-baking,Sainsbury's Fairtrade Demerara Cane Sugar 1kg,£2.50£2.50 / kg,
table-sauces-dressings-and-condiments,HP The Original Brown Sauce 600g,£3.9065p / 100g,
table-sauces-dressings-and-condiments,Heinz Tomato Ketchup 50% Less Sugar 880g,£4.5051p / 100g,
table-sauces-dressings-and-condiments,Bull's-Eye Original BBQ Sauce 300ml,£3.00£1.00 / 100ml,
table-sauces-dressings-and-condiments,Heinz Tomato Ketchup 910g,£4.5049p / 100g,
table-sauces-dressings-and-condiments,"Sainsbury's Mayonnaise, Thick & Creamy 500ml",95p19p / 100ml,
table-sauces-dressings-and-condiments,Sainsbury's Tomato Ketchup Sauce 460g,90p20p / 100g,
table-sauces-dressings-and-condiments,Hellmann's Real Squeezy Mayonnaise 430ml,£2.6060p / 100ml,
table-sauces-dressings-and-condiments,Sainsbury's Mayonnaise Squeezy 500ml,95p19p / 100ml,
table-sauces-dressings-and-condiments,Heinz Tomato Ketchup 700g,"£3.50with Nectar
£3.9056p / 100g",
table-sauces-dressings-and-condiments,Sainsbury's Dark Soy Sauce 150ml,59p39p / 100ml,
table-sauces-dressings-and-condiments,Hellmann's Real Squeezy Mayonnaise 750ml,"£3.00with Nectar
£3.5547p / 100ml",
table-sauces-dressings-and-condiments,Sainsbury's Light Soy Sauce 150ml,59p39p / 100ml,
table-sauces-dressings-and-condiments,Hellmann's Real Mayonnaise 400g,£2.7068p / 100g,
table-sauces-dressings-and-condiments,Sainsbury's Mayonnaise Light Squeezy 500ml,95p19p / 100ml,
table-sauces-dressings-and-condiments,Hellmann's Light Squeezy Mayonnaise 430ml,£2.6060p / 100g,
table-sauces-dressings-and-condiments,Sainsbury's Tomato Ketchup Sauce 680g,£1.1016p / 100g,
table-sauces-dressings-and-condiments,Sainsbury's Distilled Malt Vinegar 568ml,35p62p / ltr,
table-sauces-dressings-and-condiments,Sainsbury's Pickled Gherkins in Vinegar 340g (170g*),£1.3540p / 100g,
table-sauces-dressings-and-condiments,Sainsbury's BBQ Sauce 500g,£1.1523p / 100g,
table-sauces-dressings-and-condiments,Sainsbury's Tartare Sauce 250ml,93p37p / 100ml,
table-sauces-dressings-and-condiments,Heinz Top Down Ketchup 460g,"£2.45with Nectar
£3.0065p / 100g",
table-sauces-dressings-and-condiments,Sainsbury's Sliced Pickled Beetroot in Vinegar 340g (215g*),£1.1055p / 100g,
table-sauces-dressings-and-condiments,Sainsbury's Dijon Mustard 185g,55p30p / 100g,
table-sauces-dressings-and-condiments,Sainsbury's Reduced Fat Mayonnaise 480ml,91p19p / 100ml,
table-sauces-dressings-and-condiments,Hellmann's Light Mayonnaise 400g,£2.7068p / 100g,
table-sauces-dressings-and-condiments,Sainsbury's Sweet Chilli Sauce 330g,£1.8656p / 100g,
table-sauces-dressings-and-condiments,Stamford Street Co. Tomato Ketchup 460g,73p16p / 100g,
table-sauces-dressings-and-condiments,Heinz Seriously Good Mayonnaise 775g,£3.9050p / 100g,
table-sauces-dressings-and-condiments,Sainsbury's Malt Vinegar 568ml,35p62p / ltr,
table-sauces-dressings-and-condiments,Sainsbury's Mint Sauce 250ml,82p33p / 100ml,
table-sauces-dressings-and-condiments,Hellmann's Real Mayonnaise 600g,£3.7563p / 100g,
table-sauces-dressings-and-condiments,Branston Small Chunk Pickle 360g,£2.1058p / 100g,
table-sauces-dressings-and-condiments,Sainsbury's Salad Cream 420g,£1.6038p / 100g,
table-sauces-dressings-and-condiments,Heinz Salad Cream 425g,"£2.50with Nectar
£3.0071p / 100g",
table-sauces-dressings-and-condiments,Heinz Salad Cream 605g,£3.9064p / 100g,
table-sauces-dressings-and-condiments,Sainsbury's Soy Sauce Reduced Salt 150ml,59p39p / 100ml,
table-sauces-dressings-and-condiments,Heinz Tomato Ketchup 300ml,£2.0058p / 100g,
table-sauces-dressings-and-condiments,Sainsbury's Apple Sauce 250ml,64p26p / 100ml,
table-sauces-dressings-and-condiments,Sainsbury's Wholegrain Mustard 180g,53p29p / 100g,
table-sauces-dressings-and-condiments,Colman's Original English Mustard 100g,£1.70£1.70 / 100g,
table-sauces-dressings-and-condiments,Sainsbury's Pickled Cornichons in Vinegar 340g (180g*),£1.5083p / 100g,
table-sauces-dressings-and-condiments,Sainsbury's Balsamic Vinegar of Modena 2 Leaf 250ml,£1.55£6.20 / ltr,
table-sauces-dressings-and-condiments,HP Squeezy Brown Sauce 425g,"£2.50with Nectar
£3.4076p / 100g",
table-sauces-dressings-and-condiments,Good4U Protein Salad Topper Super Seeds 150g,"£1.70with Nectar
£2.00£1.33 / 100g",
table-sauces-dressings-and-condiments,Flying Goose Sriracha Hot Chilli Sauce 455ml,"£2.90with Nectar
£3.6079p / 100ml",
table-sauces-dressings-and-condiments,"Sainsbury's Wine Vinegar, White Wine 500ml",£1.95£3.90 / ltr,
table-sauces-dressings-and-condiments,Sainsbury's Whole Baby Pickled Beetroot in Vinegar 710g (462...,£1.6039p / 100g,
table-sauces-dressings-and-condiments,Sainsbury's Worcester Sauce 150ml,£1.2583p / 100ml,
table-sauces-dressings-and-condiments,"Kikkoman Soy Sauce, Naturally Brewed 150ml","£2.25with Nectar
£3.00£2.00 / 100ml",
table-sauces-dressings-and-condiments,Sainsbury's Sliced Gherkins in Vinegar 340g (180g*),£1.5586p / 100g,
table-sauces-dressings-and-condiments,Maggi Air Fryer Shawarma Herbs & Spices Recipe Mix for Chick...,75p£3.00 / 100g,
table-sauces-dressings-and-condiments,Top Taste Crispy Onions 100g,£1.60£1.60 / 100g,
table-sauces-dressings-and-condiments,"Sainsbury's Sliced Jalapenos, Inspired to Cook 200g (90g*)",£1.0553p / 100g,
table-sauces-dressings-and-condiments,Mrs Elswood Sandwich Gherkins 540g (310g*),£2.6549p / 100g,
table-sauces-dressings-and-condiments,Nando's Peri Peri Rub Medium 25g,£1.25£5.00 / 100g,
table-sauces-dressings-and-condiments,Geeta's Mango Chutney 320g,£2.4075p / 100g,
table-sauces-dressings-and-condiments,Hellmann's Light Squeezy Mayonnaise 750ml,"£3.00with Nectar
£3.5547p / 100ml",
table-sauces-dressings-and-condiments,Sainsbury's Horseradish Sauce 160ml,59p37p / 100ml,
table-sauces-dressings-and-condiments,Sainsbury's Brown Sauce 450g,£1.1024p / 100g,
table-sauces-dressings-and-condiments,Heinz Seriously Good Light Mayonnaise 815g,£3.9048p / 100g,
tea-coffee-and-hot-drinks,PG Tips Original Black Tea Bags x80,"£2.50with Nectar
£3.00£1.29 / 100g",
tea-coffee-and-hot-drinks,PG Tips Decaf Black Decaffeinated Tea Bags x70,"£2.50with Nectar
£3.00£1.48 / 100g",
tea-coffee-and-hot-drinks,Nescafe Dolce Gusto Gold Blend Coffee Pods x 16,"£4.00with Nectar
£5.10£4.55 / 100g",
tea-coffee-and-hot-drinks,Yorkshire Tea Tea Bags x160,£7.00£1.40 / 100g,
tea-coffee-and-hot-drinks,Sainsbury’s Red Label Fairtrade Decaf Tea Bags x80 250g,£1.6566p / 100g,
tea-coffee-and-hot-drinks,Yorkshire Tea Tea Bags x80,"£3.30with Nectar
£3.75£1.50 / 100g",
tea-coffee-and-hot-drinks,Yorkshire Tea Bags x240,"£6.50with Nectar
£8.50£1.13 / 100g",
tea-coffee-and-hot-drinks,Sainsbury's Red Label Fairtrade Tea Bags x240 750g,£3.2043p / 100g,
tea-coffee-and-hot-drinks,Yorkshire Tea Decaf Tea Bags x80,£4.20£1.68 / 100g,
tea-coffee-and-hot-drinks,Sainsbury's Red Label Fairtrade Tea Bags x80 250g,£1.2550p / 100g,
tea-coffee-and-hot-drinks,"Tetley Everyday Tea Bags, Softpack x240",£6.1081p / 100g,
tea-coffee-and-hot-drinks,Cadbury Original Drinking Hot Chocolate 500g,£4.5090p / 100g,
tea-coffee-and-hot-drinks,Sainsbury's Infusions Peppermint Tea Bags x20,95p£2.38 / 100g,
tea-coffee-and-hot-drinks,Twinings English Breakfast Plant Based Tea Bags x80 200g,"£2.90with Nectar
£4.80£2.40 / 100g",
tea-coffee-and-hot-drinks,Clipper Organic Everyday Tea Bags x80,£3.75£1.62 / 100g,
tea-coffee-and-hot-drinks,Sainsbury's Red Label Fairtrade Tea Bags x160 500g,£2.3046p / 100g,
tea-coffee-and-hot-drinks,Nescafé Gold Alta Rica Instant Coffee 190g,"£7.45with Nectar
£9.40£4.95 / 100g",
tea-coffee-and-hot-drinks,Pukka Organic Three Mint Tea With Peppermint Home Compostabl...,£4.75£14.84 / 100g,
tea-coffee-and-hot-drinks,Pukka Organic Night Time Herbal Tea With Chamomile Home Comp...,£4.75£23.75 / 100g,
tea-coffee-and-hot-drinks,"Tetley Everyday Tea Bags, Softpack x80",£3.15£1.26 / 100g,
tea-coffee-and-hot-drinks,Sainsbury's English Breakfast Tea Bags Taste the Difference ...,£2.2088p / 100g,
tea-coffee-and-hot-drinks,Twinings the Earl Grey Plant Based Tea Bags x80 200g,£4.80£2.40 / 100g,
tea-coffee-and-hot-drinks,Sainsbury's Cocoa 250g,£3.35£1.34 / 100g,
tea-coffee-and-hot-drinks,Yorkshire Gold Tea Bags x80,£4.30£1.72 / 100g,
tea-coffee-and-hot-drinks,Tetley Everyday Tea Bags Decaffeinated x160,£6.35£1.27 / 100g,
tea-coffee-and-hot-drinks,Yorkshire Tea Decaf Tea Bags x160,"£6.50with Nectar
£7.50£1.50 / 100g",
tea-coffee-and-hot-drinks,Cadbury Hot Chocolate Instant Jar 300g,£4.00£1.33 / 100g,
tea-coffee-and-hot-drinks,"Sainsbury's Strawberry, Raspberry & Cranberry Tea Bags x20",95p£2.38 / 100g,
tea-coffee-and-hot-drinks,Sainsbury's Infusions Peppermint Tea Bags x80,£2.90£1.81 / 100g,
tea-coffee-and-hot-drinks,Starbucks Pumpkin Spice Latte Instant Coffee Sachets 4 x 24g,"£1.50with Nectar
£2.15£2.24 / 100g",
tea-coffee-and-hot-drinks,"Sainsbury's Earl Grey Tea Bags, Taste the Difference x100",£2.75£1.10 / 100g,
tea-coffee-and-hot-drinks,Starbucks Caramel Latte Instant Coffee Sachets 5x23g,"£1.50with Nectar
£2.15£2.00 / 100g",
tea-coffee-and-hot-drinks,Tetley Everyday Tea Bags Decaffeinated x80 250g,£3.70£1.48 / 100g,
tea-coffee-and-hot-drinks,Sainsbury's Infusions Camomile Tea Bags x20,95p£3.17 / 100g,
tea-coffee-and-hot-drinks,Stamford Street Co. Instant Hot Chocolate Drink 400g,£1.6541p / 100g,
tea-coffee-and-hot-drinks,Horlicks Instant Malt 400g,"£3.25with Nectar
£4.00£1.00 / 100g",
tea-coffee-and-hot-drinks,Clipper Fairtrade Everyday Tea Bags x80 23g,"£3.00with Nectar
£3.75£1.50 / 100g",
tea-coffee-and-hot-drinks,Nescafe Original 3 in 1 Instant Coffee Sachets 12x16g,£1.7591p / 100g,
tea-coffee-and-hot-drinks,Pukka Organic Peppermint & Licorice Mint Tea Home Compostabl...,£4.75£15.83 / 100g,
tea-coffee-and-hot-drinks,"Tetley Everyday Tea Bags, Softpack x160","£3.00with Nectar
£4.9599p / 100g",
tea-coffee-and-hot-drinks,"Sainsbury's Earl Grey Decaff Tea Bags, Taste the Difference ...",£2.40£1.92 / 100g,
tea-coffee-and-hot-drinks,Sainsbury's Assam Tea Bags Taste the Difference x80,£2.60£1.04 / 100g,
tea-coffee-and-hot-drinks,Nescafe Double Choc Mocha Instant Coffee Sachets x7 146.3g,"£1.50with Nectar
£2.35£1.61 / 100g",
tea-coffee-and-hot-drinks,Green & Black's Organic Cocoa Powder 125g,£3.40£2.72 / 100g,
tea-coffee-and-hot-drinks,"Twinings Peppermint Tea, 20 Tea Bags",£2.50£6.25 / 100g,
tea-coffee-and-hot-drinks,Twinings Everyday Teabags 232g x80,£4.80£2.07 / 100g,
tea-coffee-and-hot-drinks,Taylors of Harrogate Yorkshire Tea Bags x40 125g,£2.00£1.60 / 100g,
tea-coffee-and-hot-drinks,Tick Tock Rooibos Tea Bags x80,£3.90£2.17 / 100g,
tea-coffee-and-hot-drinks,Cadbury Bournville Cocoa Powder Tin 250g,£4.45£1.78 / 100g,
tea-coffee-and-hot-drinks,Starbucks by Nespresso House Blend Lungo Coffee Pods x10,£4.15£7.28 / 100g,
tea-coffee-and-hot-drinks,Sainsbury's Red Label Fairtrade Tea Bags x40 125g,80p64p / 100g,
tea-coffee-and-hot-drinks,Horlicks Original Mat 400g,"£3.25with Nectar
£4.00£1.00 / 100g",
tea-coffee-and-hot-drinks,Galaxy Instant Hot Chocolate Jar 370g,£4.00£1.08 / 100g,
tea-coffee-and-hot-drinks,Kenco Cappuccino Unsweetened Instant Coffee 8 Sachets,£2.00£2.25 / 100g,
tea-coffee-and-hot-drinks,"Ovaltine Malt Drink, Original, Light 300g",£4.30£1.43 / 100g,
tea-coffee-and-hot-drinks,Yorkshire Tea Loose Leaf Tea 250g,£3.40£1.36 / 100g,
tea-coffee-and-hot-drinks,Taylors of Harrogate Decaffe Ground Coffee Bags x10,£3.60£4.80 / 100g,
tea-coffee-and-hot-drinks,Drink Me Chai Spiced Latte 250g,£3.80£1.52 / 100g,
tea-coffee-and-hot-drinks,Nescafe Latte Instant Coffee Sachets x7 126g,"£1.50with Nectar
£2.35£1.87 / 100g",
tea-coffee-and-hot-drinks,Sainsbury's Low Calorie Instant Fairtrade Hot Chocolate 250g,£2.80£1.12 / 100g,
world-foods,Tito's Handmade Vodka 70cl,£25.00£35.71 / ltr,
world-foods,Tunnock's Caramel Wafers x8,£2.75£1.15 / 100g,
world-foods,Tunnock's Dark Chocolate Caramel Wafers 8x30g,£2.75£1.15 / 100g,
world-foods,Sainsbury's Coconut Milk Light 400g,75p19p / 100ml,
world-foods,KTC Chick Peas 400g,"45pwith Nectar
65p£1.63 / kg",
world-foods,Oreo Original Cocoa Sandwich Cookies with Vanilla Flavour Fi...,"75pwith Nectar
£1.5097p / 100g",
world-foods,KTC Coconut Milk 400ml,"90pwith Nectar
£1.3534p / 100ml",
world-foods,Sainsbury's Dark Soy Sauce 150ml,59p39p / 100ml,
world-foods,Sainsbury's Poppadoms Plain 64g,£1.50£2.34 / 100g,
world-foods,KTC Chopped Tomatoes 400g,"45pwith Nectar
65p£1.63 / kg",
world-foods,Sainsbury's Light Soy Sauce 150ml,59p39p / 100ml,
world-foods,Flahavan's Organic Jumbo Oats 1kg,£2.7027p / 100g,
world-foods,Tunnock's Milk Chocolate Teacakes Biscuits x10,£2.75£1.72 / 100g,
world-foods,Sainsbury's Medium Noodles 250g,95p£3.80 / kg,
world-foods,Sainsbury's Garlic & Coriander Naan x2 260g,69p27p / 100g,
world-foods,Sharwood's Medium Egg Noodles 226g,"£1.25with Nectar
£2.00£8.85 / kg",
world-foods,Sainsbury's Mini Plain Naan x4 188g,£1.0556p / 100g,
world-foods,Fudco Sunflower & Pumpkin Seed Mix 250g,"£2.40with Nectar
£3.00£12.00 / kg",
world-foods,Sainsbury's Wholewheat Medium Noodles 250g,95p£3.80 / kg,
world-foods,Sainsbury's Plain Naan x 2 260g,69p27p / 100g,
world-foods,Sainsbury's Sweet Mango Chutney 240g,£1.0042p / 100g,
world-foods,Nestle Shredded Wheat Bitesize Cereal 720g,"£3.50with Nectar
£3.9555p / 100g",
world-foods,Sainsbury's Tikka Masala Curry Cooking Sauce 500g,99p20p / 100g,
world-foods,Sainsbury's Medium Noodles Quick To Cook x2 300g,£1.00£3.33 / kg,
world-foods,Sainsbury's Udon Noodles Quick To Cook x2 300g,£1.00£3.33 / kg,
world-foods,Sainsbury's Garlic & Coriander Mini Naan x4 188g,£1.1059p / 100g,
world-foods,Sainsbury's Rice Noodles 250g,85p£3.40 / kg,
world-foods,Nestle Cheerios Multigrain Cereal 800g,"£3.75with Nectar
£4.0050p / 100g",
world-foods,Sainsbury's Soy Sauce Reduced Salt 150ml,59p39p / 100ml,
world-foods,KTC Minced Garlic Paste 210g,"£1.20with Nectar
£1.407p / 10g",
world-foods,Amoy Coconut Milk 400ml,"£1.50with Nectar
£2.5063p / 100ml",
world-foods,Sainsbury's Korma Curry Cooking Sauce 500g,99p20p / 100g,
world-foods,Nestle Shreddies Original Cereal 1.1kg,£4.0036p / 100g,
world-foods,KTC Pressed Toasted Pure Sesame Oil 250ml,"£2.00with Nectar
£2.2088p / 100ml",
world-foods,itsu Chick-n Ramen Rice Noodle Pot 64g,£2.00£31.25 / kg,
world-foods,Kettle Chips Sea Salt & Crushed Black Peppercorns Sharing Cr...,£2.65£2.04 / 100g,
world-foods,Kellogg's Coco Pops Chocos Chocolate Breakfast Cereal 430g,"£2.85with Nectar
£3.5081p / 100g",
world-foods,Sainsbury's Fine Egg Noodles 250g,95p£3.80 / kg,
world-foods,Sainsbury's Sweet Chilli Sauce 280g,£2.2079p / 100g,
world-foods,"Kikkoman Soy Sauce, Naturally Brewed 150ml","£2.25with Nectar
£3.00£2.00 / 100ml",
world-foods,Maggi Air Fryer Shawarma Herbs & Spices Recipe Mix for Chick...,75p£3.00 / 100g,
world-foods,Sainsbury's Peshwari Naan x2 260g,69p27p / 100g,
world-foods,Patak's Tikka Masala Paste Pots 2 x 70g,"£1.50with Nectar
£1.85£1.32 / 100g",
world-foods,OREO Double Creme Cocoa Sandwich Cookies with Vanilla Flavou...,"75pwith Nectar
£1.5096p / 100g",
world-foods,Desi Paneer Full Fat Cheese 226g,£2.20£9.73 / kg,
world-foods,Lajkonik Pretzel Salty Sticks 70g,55p79p / 100g,
world-foods,"Sainsbury's Spicy Chipotle Chilli Paste, Inspired to Cook 90...",£1.8020p / 10g,
world-foods,Border Dark Chocolate Ginger Chocolate Bars x 6 144g,"£1.50with Nectar
£2.00£1.39 / 100g",
world-foods,Sainsbury's Teriyaki Sauce 150ml,£1.2583p / 100ml,
world-foods,Geeta's Mango Chutney 320g,£2.4075p / 100g,
world-foods,Sainsbury's Canned & Sliced Water Chestnuts 225g,£1.1551p / 100g,
world-foods,Fudco Cashew Nuts 250g,"£3.40with Nectar
£4.00£16.00 / kg",
world-foods,Fudco Cashew Nuts 500g,"£6.25with Nectar
£7.40£14.80 / kg",
world-foods,Sainsbury's Coconut Cream 250ml,£1.9578p / 100ml,
world-foods,Nakd Cocoa Hazelnut Protein Bars 3x45g,"£1.85with Nectar
£3.00£2.22 / 100g",
world-foods,Sainsbury's Hoisin Sauce 150ml,£1.4093p / 100ml,
world-foods,Warburtons Gluten Free White Loaf 300g,£2.2073p / 100g,
world-foods,Sharwood's Plain Poppadoms x8,"£1.50with Nectar
£2.25£3.13 / 100g",
world-foods,Kellogg's Special K Crunchy Oat Granola Mixed Berries 350g,"£2.25with Nectar
£3.0086p / 100g",
world-foods,Amoy Straight to Wok Medium Noodles 2x150g,"£1.50with Nectar
£2.15£7.17 / kg",
free-from,Haagen-Dazs Salted Caramel Ice Cream Frozen Dessert Tub 460m...,£5.75£1.25 / 100ml,
free-from,Beavertown Cosmic Drop Berry Punch Beer 440ml,£2.75£6.25 / ltr,
free-from,Violife Creamy Vegan Soft Cream Cheese Alternative 200g,£2.75£13.75 / kg,
free-from,Oatly Oat Drink Barista Edition Long Life 1L,£2.20£2.20 / ltr,
free-from,Sainsbury's Coconut Milk Light 400g,75p19p / 100ml,
free-from,Alpro Almond Milk No Sugars Chilled Dairy Alternative 1L,"£1.50with Nectar
£2.00£2.00 / ltr",
free-from,Alpro Oat Milk No Sugars Chilled Dairy Alternative 1L,"£1.50with Nectar
£2.00£2.00 / ltr",
free-from,Diet Coke 18 x 330ml,£9.5016p / 100ml,
free-from,Califia Farms Oat Drink Barista Blend 1L,"£1.50with Nectar
£2.10£2.10 / ltr",
free-from,Vitalite Dairy Free Spread 500g,"£1.70with Nectar
£2.00£4.00 / kg",
free-from,Sainsbury's Unsweetened Long Life Almond Drink 1L,99p99p / ltr,
free-from,Kallo Organic Lightly Salted Rice Cakes 130g,£1.75£1.35 / 100g,
free-from,Sainsbury's Lamb & Mint Kebabs x6 360g,"£3.00with Nectar
£4.50£12.50 / kg",
free-from,Oatly Oat Drink Whole Chilled 1L,£2.20£2.20 / ltr,
free-from,Strong Roots Oven Baked Sweet Potato 500g,£3.65£7.30 / kg,
free-from,Sainsbury's No Added Salt Rice Cakes 135g,95p70p / 100g,
free-from,Heck Chicken Italia Gluten Free Chipolata Sausages x10 340g,£3.25£9.56 / kg,
free-from,Graze Lemon & Blueberry Oat Boost Flapjack Superfood Snack B...,"£1.75with Nectar
£2.75£2.29 / 100g",
free-from,Heck Simply Chicken Gluten Free Chipolata Sausages x10 340g,"£2.50with Nectar
£3.25£9.56 / kg",
free-from,Sainsbury's Milk Chocolate Chips 100g,£1.40£1.40 / 100g,
free-from,Eat Natural Protein Peanuts Dark Chocolate Fruit & Nut Cerea...,"£2.00with Nectar
£2.60£2.17 / 100g",
free-from,Alpro Almond Milk No Sugars Long Life Dairy Alternative 1L,£2.10£2.10 / ltr,
free-from,Arla Lactofree Mature Cheddar Cheese 200g,£2.50£12.50 / kg,
free-from,Heck 97% Pork Gluten Free Sausages x6 400g,"£2.50with Nectar
£3.25£8.13 / kg",
free-from,Alpro Strawberry Banana Peach Pear Soya Plant Based Yoghurt ...,£2.5050p / 100g,
free-from,Alpro Plain No Sugars Soya Dairy Free Yoghurt Alternative 50...,£2.3046p / 100g,
free-from,Sainsbury's Free from Fusilli Pasta 500g,75p£1.50 / kg,
free-from,Sainsbury's Garlic Baguette x2 338g,85p£2.51 / kg,
free-from,Alpro Soya Milk No Sugars Chilled Dairy Alternative 1L,£2.00£2.00 / ltr,
free-from,Plenish Organic Almond Dairy Alternative Long Life Drink 1L,£2.35£2.35 / ltr,
free-from,The Coconut Collab Natural Coconut Yoghurt 350g,£2.7579p / 100g,
free-from,Alpro Blueberry & Cherry Soya Plant Based Yoghurt Alternativ...,£2.5050p / 100g,
free-from,Alpro Vanilla Soya Plant Based Yoghurt Alternative 500g,£2.3046p / 100g,
free-from,Oatly Oat Drink Semi Chilled 1L,£2.20£2.20 / ltr,
free-from,Nakd Blueberry Muffin Fruit & Nut Bars 4x35g,"£1.85with Nectar
£3.00£2.14 / 100g",
free-from,Quorn Vegan Smoky Ham Free Slices 100g,£2.70£27.00 / kg,
free-from,Graze Cherry Bakewell Oat Boost Flapjack Snack Bars 4 x 30g,"£1.75with Nectar
£2.75£2.29 / 100g",
free-from,Alpro Barista Oat Milk Long Life Dairy Alternative 1L,"£1.50with Nectar
£2.10£2.10 / ltr",
free-from,"Sainsbury's Rich Tea Fingers, Fingers 250g",75p30p / 100g,
free-from,Graze Cocoa & Vanilla Oat Boost Flapjack Snack Bars 4 x 30g,"£1.75with Nectar
£2.75£2.29 / 100g",
free-from,Oatly Organic Oat Drink Long Life 1L,£2.00£2.00 / ltr,
free-from,Alpro Oat Milk No Sugars Long Life Dairy Alternative 1L,£2.30£2.30 / ltr,
free-from,Oatly Semi Oat Drink Long Life 1L,"£1.50with Nectar
£1.90£1.90 / ltr",
free-from,Sainsbury's Cocktail Sausage Rolls x50 800g,£1.85£2.47 / kg,
free-from,Alpro Soya Milk Chilled Dairy Alternative 1L,£2.00£2.00 / ltr,
free-from,Onken Natural Set Yogurt 450g,"£1.25with Nectar
£1.9543p / 100g",
free-from,Alpro Soya Milk No Sugars Long Life Dairy Alternative 1L,£2.10£2.10 / ltr,
free-from,Sainsbury's Free from Penne Pasta 500g,75p£1.50 / kg,
free-from,Oatly Whole Long Life Oat Drink 1L,"£1.50with Nectar
£1.90£1.90 / ltr",
free-from,Sainsbury's Flapjack Slices 5 x 32g,£1.2525p / ea,
free-from,Sainsbury's Bramley Apple Pies x6,£1.2922p / ea,
free-from,Swedish Glace Vanilla Dairy Free Vegan Ice Cream Tub Dessert...,£3.2543p / 100ml,
free-from,Heinz Tomato Ketchup 300ml,£2.0058p / 100g,
free-from,Alpro Barista Coconut Milk Long Life Dairy Alternative 1L,£2.10£2.10 / ltr,
free-from,Warburtons Gluten Free Super Soft Sliced Square Rolls x4 240...,£2.9073p / ea,
free-from,Sainsbury's Apple Turnovers 2x77g,£2.00£1.35 / 100g,
free-from,Eat Natural Dark Chocolate with Cranberries Macadamias Fruit...,"£2.00with Nectar
£2.60£2.17 / 100g",
free-from,Amoy Coconut Milk 400ml,"£1.50with Nectar
£2.5063p / 100ml",
free-from,Mrs Crimble's Gluten Free Choc Macaroons x6,"£1.25with Nectar
£1.8030p / ea",
free-from,Alpro Barista Oat Milk Chilled Dairy Alternative 750ml,"£1.25with Nectar
£1.75£2.33 / ltr",
low-and-no-alcohol,Captain Morgan Spiced Gold 0.0% Alcohol Free Spirit 70cl,"£12.00with Nectar
£16.00£22.86 / ltr",
low-and-no-alcohol,Heineken 0.0% Alcohol Free Lager Beer Can 6 x 330ml,£5.00£2.53 / ltr,
low-and-no-alcohol,Asahi Super Dry 0.0% Alcohol Free Cans 4 x 330ml,£5.00£3.79 / ltr,
low-and-no-alcohol,Guinness Draught 0.0% Alcohol Free Beer 10 x 440ml,£13.25£3.01 / ltr,
low-and-no-alcohol,Peroni Nastro Azzurro 0% Alcohol Free Beer 4 x 330ml,£5.50£4.17 / ltr,
low-and-no-alcohol,Guinness 0.0% Alcohol Free Stout Beer Cans 4 x 440ml,£5.45£3.10 / ltr,
low-and-no-alcohol,Peroni Nastro Azzurro 0.0% Alcohol Free Beer 12 x 330ml,"£11.50with Nectar
£13.00£3.28 / ltr",
low-and-no-alcohol,Corona Cero 0.0% Alcohol Free Beer 12 x 330ml,"£9.00with Nectar
£12.50£3.16 / ltr",
low-and-no-alcohol,Lucky Saint 0.5% Low Alcohol Lager 4 x 330ml,£6.00£4.55 / ltr,
low-and-no-alcohol,Erdinger Alkoholfrei 0.5% Low Alcohol Wheat Beer 500ml,£2.00£4.00 / ltr,
low-and-no-alcohol,Estrella Damm Alcohol Free Beer Barcelona 440ml,£5.00£2.84 / ltr,
low-and-no-alcohol,McGuigan Zero Sauvignon Blanc 0.0% Alcohol Free Australian W...,"£3.75with Nectar
£4.50£4.50 / 75cl",
low-and-no-alcohol,BrewDog Punk 0.5% Low Alcohol IPA 4 x 330ml,"£4.00with Nectar
£5.00£3.79 / ltr",
low-and-no-alcohol,"Nozeco 0.5% Low Alcohol Fine Sparkling Wine Based Drink, Spe...",£3.50£3.50 / 75cl,
low-and-no-alcohol,Heineken 0.0% Alcohol Free Premium Lager Beer Bottle 12 x 33...,£11.50£2.90 / ltr,
low-and-no-alcohol,Leffe Blonde 0.0% Alcohol Free Beer Bottles 6 x 250ml,£5.00£3.33 / ltr,
low-and-no-alcohol,Adnams Southwold Ghost Ship 0.5% Low Alcohol Beyond the Pale...,"£1.35with Nectar
£1.65£3.30 / ltr",
low-and-no-alcohol,BrewDog 0.5% Low Alcohol Mixed Pack 8 x 330ml,"£8.00with Nectar
£10.00£3.79 / ltr",
low-and-no-alcohol,Beavertown Lazer Crush 0.3% Alcohol Free IPA 4 x 330ml,"£5.00with Nectar
£6.50£4.92 / ltr",
low-and-no-alcohol,Proper Job 0.5% Low Alcohol IPA,£1.90£3.80 / ltr,
low-and-no-alcohol,Thatchers Zero 0.0% Alcohol Free Cider 500ml,£2.00£4.00 / ltr,
low-and-no-alcohol,Lucky Saint Hazy IPA 0.5% Low Alcohol Can 4 x 330ml,£6.00£4.55 / ltr,
low-and-no-alcohol,McGuigan Reserve Shiraz Red Wine 75cl,£7.50£7.50 / 75cl,
low-and-no-alcohol,Sainsbury's 0.0% Alcohol Free Red Wine Based Drink 75cl,£3.50£3.50 / 75cl,
low-and-no-alcohol,Kopparberg 0.0% Alcohol Free Premium Cider Pear 500ml,£1.60£3.20 / ltr,
low-and-no-alcohol,Kopparberg 0.0% Alcohol Free Mixed Fruit Cider 500ml,"£1.50with Nectar
£1.75£3.50 / ltr",
low-and-no-alcohol,Inch’s 0.0% Alcohol Free Apple Cider Cans 4 x 440ml,£4.00£2.27 / ltr,
low-and-no-alcohol,San Miguel 0.0% Alcohol Free Lager Beer Bottles 4 x 330ml,£4.75£3.60 / ltr,
low-and-no-alcohol,Sainsbury's Medium Dry Low Alcohol Apple Cider 500ml,£1.75£3.50 / ltr,
low-and-no-alcohol,BrewDog Wingman 0.5% Low Alcohol Session IPA 4 x 330ml,£5.00£3.79 / ltr,
low-and-no-alcohol,Freixenet 0.0% Alcohol Free Sparkling Rose Wine Based Drink ...,£5.00£5.00 / 75cl,
low-and-no-alcohol,Freixenet 0.0% Alcohol Free Sparkling Wine Based Drink 75cl,£5.00£5.00 / 75cl,
low-and-no-alcohol,Infinite Session 0.5% Low Alcohol IPA 4 x 330ml,£4.50£3.41 / ltr,
low-and-no-alcohol,Brooklyn Special Effects Alcohol Free Lager Beer Cans 4 x 33...,"£4.00with Nectar
£4.50£3.41 / ltr",
low-and-no-alcohol,Lucky Saint Alcohol Free Superior Lemon Lager 4 x 330ml,£6.00£4.55 / ltr,
low-and-no-alcohol,Sainsbury's 0.0% Alcohol Free White Wine Based Drink 75cl,£3.50£3.50 / 75cl,
low-and-no-alcohol,Stella Artois 0.0% Alcohol Free Premium Lager Beer Bottles 4...,"£3.00with Nectar
£4.00£3.03 / ltr",
low-and-no-alcohol,Sainsbury's 0.0% Alcohol Free Rose Wine Based Drink 75cl,£3.50£3.50 / 75cl,
low-and-no-alcohol,Nozeco 0.5% Low Alcohol Fine Sparkling Rose Wine Based Drink...,£3.50£3.50 / 75cl,
low-and-no-alcohol,Gordon's 0.0% Alcohol Free 70cl,£15.50£22.14 / ltr,
low-and-no-alcohol,McGuigan Zero 0.0% Alcohol Free Shiraz Wine Based Drink 75cl,£4.50£4.50 / 75cl,
low-and-no-alcohol,Tanqueray 0.0% Alcohol Free Spirit 70cl,£17.50£25.00 / ltr,
low-and-no-alcohol,Gordon's 0.0% Alcohol Free Spirit & Tonic with a Hint of Lim...,£1.80£7.20 / ltr,
low-and-no-alcohol,Doom Bar 0.0% Alcohol Free Amber Ale 500ml,£2.15£4.30 / ltr,
low-and-no-alcohol,Fever-Tree 0.5% Low Alcohol Italian Spritz 25cl,£1.90£7.60 / ltr,
low-and-no-alcohol,Sainsbury's Blanc de Blanc 0.5% Low Alcohol Sparkling Chardo...,£4.25£4.25 / 75cl,
low-and-no-alcohol,Madri Excepcional Zero Bottle 4 x 330ml,"£4.00with Nectar
£4.75£3.60 / ltr",
low-and-no-alcohol,Kopparberg 0.0% Alcohol Free Cider Strawberry & Lime 50cl,£1.75£3.50 / ltr,
low-and-no-alcohol,Tanqueray Flor de Sevilla 0.0% Alcohol Free Spirit 70cl,"£15.00with Nectar
£17.50£25.00 / ltr",
low-and-no-alcohol,Crodino Nat 0.00% Alcohol Free x4 175ml,"£6.00with Nectar
£8.00£11.43 / ltr",
low-and-no-alcohol,Martini Vibrante 0.0% Alcohol Free Aperitivo 75cl,£10.00£13.33 / ltr,
low-and-no-alcohol,Fever-Tree G&T 0.5% Low Alcohol Mediterranean 25cl,£1.90£7.60 / ltr,
low-and-no-alcohol,Sainsbury's 0.0% Alcohol Free Sparkling White Wine 75cl,£3.50£3.50 / 75cl,
low-and-no-alcohol,Kylie Minogue 0.00% Alcohol Free Sparkling Blanc Wine,£6.25£6.25 / 75cl,
low-and-no-alcohol,Kopparberg 0.0% Alcohol Free Variety Pack 10 x 330ml,£8.50£2.55 / ltr,
low-and-no-alcohol,Gordon's Premium Pink 0.0% Alcohol Free Spirit Bottle 70cl,£15.50£22.14 / ltr,
low-and-no-alcohol,J2O Mocktails White Peach & Mango Daiquiri 250ml,£1.3052p / 100ml,
low-and-no-alcohol,Theakston Nowt Old Peculier 500ml,£1.90£3.80 / ltr,
low-and-no-alcohol,Belvoir Farm Non Alcoholic Pink Grapefruit Paloma 750ml,£3.2543p / 100ml,
low-and-no-alcohol,Whitley Neill Japanese Yuzu & White Strawberry 0.0% Alcohol...,£15.00£21.43 / ltr,
organic,Kendamil Organic 2 Follow On Baby Milk Powder Formula 6-12 M...,£15.00£18.75 / kg,
organic,Organix Melty Veggie Sticks Organic Baby Puffs Multipack 7 m...,"£2.25with Nectar
£2.65£4.42 / 100g",
organic,Organix Melty Organic Carrot Baby Puffs Multipack 6 months+ ...,£2.65£3.68 / 100g,
organic,"Sainsbury's Carrots, SO Organic 700g","95pwith Nectar
£1.25£1.79 / kg",
organic,"Sainsbury's British Semi Skimmed Milk, SO Organic 2.27L (4 p...",£2.2599p / ltr,
organic,"Sainsbury's Broccoli, SO Organic 300g",£1.40£4.67 / kg,
organic,"Sainsbury's Fairtrade Bananas, SO Organic x6",£1.8030p / ea,
organic,"Sainsbury's Royal Gala Apples, SO Organic x6","£1.75with Nectar
£2.3539p / ea",
organic,"Sainsbury's Whole Cucumber, SO Organic",£1.20£1.20 / ea,
organic,"Sainsbury's Classic Houmous, SO Organic 200g",£1.6583p / 100g,
organic,"Sainsbury's Medium Ripe & Ready Avocados, SO Organic x2","£2.20with Nectar
£2.60£1.30 / ea",
organic,Yeo Valley Organic Greek Style Natural Yogurt 4x110g,"£2.00with Nectar
£2.6059p / 100g",
organic,Yeo Valley Organic Yogurt Greek Style With Honey 4x100g,"£2.00with Nectar
£2.6065p / 100g",
organic,"Sainsbury's Lemons Unwaxed, SO Organic x3","£1.40with Nectar
£1.9063p / ea",
organic,Yeo Valley Organic Kefir Natural Yogurt 350g,"£1.50with Nectar
£2.0057p / 100g",
organic,"Sainsbury's Blueberries, SO Organic 150g",£2.90£19.33 / kg,
organic,Rachel's Organic Luscious Fruit Multipack Yogurt 4 x 110g,"£2.00with Nectar
£2.7563p / 100g",
organic,"Sainsbury's Woodland Free Range Mixed Weight Eggs, SO Organi...",£4.8540p / ea,
organic,Sainsbury's SO Organic Cherry on the Vine Tomatoes 200g,£1.95£9.75 / kg,
organic,"Sainsbury's British Semi Skimmed Milk, SO Organic 1.13L (2 p...",£1.85£1.63 / ltr,
organic,"Sainsbury's Mixed Peppers, SO Organic x3 (Colours may vary)",£2.3077p / ea,
organic,"Sainsbury's Woodland Free Range Large Eggs, SO Organic x6",£2.9549p / ea,
organic,"Sainsbury's Houmous, So Organic 315g","£1.60with Nectar
£2.0063p / 100g",
organic,Yeo Valley Organic Greek Style Natural Yogurt 450g,£2.2550p / 100g,
organic,Yeo Valley Organic Natural Yogurt 450g,"£1.75with Nectar
£2.0044p / 100g",
organic,"Sainsbury's Spring Onion Bunch, SO Organic 100g",£1.00£1.00 / ea,
organic,"Sainsbury's Woodland Free Range Medium Eggs, SO Organic x6",£2.8548p / ea,
organic,"Sainsbury's Celery, SO Organic",£1.25£1.25 / ea,
organic,Yeo Valley Organic Fresh Whole Milk 2L,£3.05£1.53 / ltr,
organic,"Sainsbury's Young Spinach, SO Organic 200g",£1.95£9.75 / kg,
organic,"Sainsbury's Large Tomatoes, SO Organic 400g","£1.70with Nectar
£2.20£5.50 / kg",
organic,Kallo Organic Lightly Salted Rice Cakes 130g,£1.75£1.35 / 100g,
organic,The Tofoo Co. Naked Organic Tofu 280g,£2.30£8.21 / kg,
organic,"Sainsbury's British Whole Milk, SO Organic 1.13L (2 pint)",£1.85£1.63 / ltr,
organic,Rachel's Organic Divine Rice Puddings 2x150g,"£1.50with Nectar
£2.2575p / 100g",
organic,Yeo Valley Organic Little Yeos Fruity Favourites Kids Yogurt...,"£1.50with Nectar
£2.1563p / 100g",
organic,Flahavan's Organic Jumbo Oats 1kg,£2.7027p / 100g,
organic,"Sainsbury's Beetroot Vacuum Pack, SO Organic 250g","85pwith Nectar
£1.0040p / 100g",
organic,Green & Black's Organic 85% Dark Chocolate Bar 90g,"£2.75with Nectar
£3.25£3.61 / 100g",
organic,Yeo Valley Organic Natural Creamy Bio Live Yogurt 950g,£3.6038p / 100g,
organic,"Sainsbury's Ripe & Ready Pears, So Organic","£2.25with Nectar
£2.5063p / ea",
organic,"Sainsbury's Porridge Oats, SO Organic 750g",£2.3031p / 100g,
organic,Crosta & Mollica Piadina Organic Wholeblend Italian Flatbrea...,"£1.60with Nectar
£2.0067p / 100g",
organic,"Sainsbury's White Closed Cup Mushrooms, SO Organic 300g",£1.70£5.67 / kg,
organic,Plenish Organic Almond Dairy Alternative Long Life Drink 1L,£2.35£2.35 / ltr,
organic,"Sainsbury's Pink Lady Apples, SO Organic x6",£3.7563p / ea,
organic,"Sainsbury's Mature Cheddar Cheese, SO Organic 270g",£3.50£12.96 / kg,
organic,Organix Raspberry & Apple Soft Oaty Bars 12+ Months 6x23g,"£2.50with Nectar
£3.30£2.39 / 100g",
organic,"Sainsbury's Little Gem Lettuce, SO Organic x2",£1.50£1.50 / ea,
organic,"Sainsbury’s Garlic, So Organic Min x3",£1.0033p / ea,
organic,"Sainsbury's Onions, SO Organic 750g","£1.20with Nectar
£1.60£2.13 / kg",
organic,Sainsbury's Organic British Beef Mince 5% Fat 500g,£9.25£18.50 / kg,
organic,"Sainsbury's Sweet Potato, SO Organic 750g",£2.60£3.47 / kg,
organic,"Sainsbury's British Butter Slightly Salted, SO Organic 250g",£3.15£12.60 / kg,
organic,"Sainsbury's Sweet Pointed Peppers, SO Organic x2 (Colours Ma...",£1.8090p / ea,
organic,"Sainsbury's Leeks, SO Organic 400g","£1.70with Nectar
£1.90£4.75 / kg",
organic,"So Kiwi, Organic x4",£1.6040p / ea,
organic,Yeo Valley Organic Greek Style Natural Yogurt 950g,£4.0042p / 100g,
organic,"Sainsbury's Raspberries, SO Organic 150g","£3.00with Nectar
£3.20£21.33 / kg",
organic,"Sainsbury's Red Onions, SO Organic 500g","£1.00with Nectar
£1.40£2.80 / kg",
plant-based-drinks,Brite Natural Focus + Energy Sparkling Raspberry Mint 330ml,£2.0061p / 100ml,
plant-based-drinks,Brite Natural Focus + Energy Sparkling Pineapple Mango 330ml,£2.0061p / 100ml,
plant-based-drinks,Oatly Oat Drink Barista Edition Long Life 1L,£2.20£2.20 / ltr,
plant-based-drinks,Alpro Almond Milk No Sugars Chilled Dairy Alternative 1L,"£1.50with Nectar
£2.00£2.00 / ltr",
plant-based-drinks,Alpro Oat Milk No Sugars Chilled Dairy Alternative 1L,"£1.50with Nectar
£2.00£2.00 / ltr",
plant-based-drinks,Califia Farms Oat Drink Barista Blend 1L,"£1.50with Nectar
£2.10£2.10 / ltr",
plant-based-drinks,Oatly Oat Drink Whole Chilled 1L,£2.20£2.20 / ltr,
plant-based-drinks,Alpro Almond Milk No Sugars Long Life Dairy Alternative 1L,£2.10£2.10 / ltr,
plant-based-drinks,Alpro Soya Milk No Sugars Chilled Dairy Alternative 1L,£2.00£2.00 / ltr,
plant-based-drinks,Plenish Organic Almond Dairy Alternative Long Life Drink 1L,£2.35£2.35 / ltr,
plant-based-drinks,Oatly Oat Drink Semi Chilled 1L,£2.20£2.20 / ltr,
plant-based-drinks,Alpro Barista Oat Milk Long Life Dairy Alternative 1L,"£1.50with Nectar
£2.10£2.10 / ltr",
plant-based-drinks,Oatly Organic Oat Drink Long Life 1L,£2.00£2.00 / ltr,
plant-based-drinks,Alpro Oat Milk No Sugars Long Life Dairy Alternative 1L,£2.30£2.30 / ltr,
plant-based-drinks,Alpro Soya Milk Chilled Dairy Alternative 1L,£2.00£2.00 / ltr,
plant-based-drinks,Alpro Soya Milk No Sugars Long Life Dairy Alternative 1L,£2.10£2.10 / ltr,
plant-based-drinks,Alpro Barista Coconut Milk Long Life Dairy Alternative 1L,£2.10£2.10 / ltr,
plant-based-drinks,Alpro Organic Soya Milk No Sugars Long Life Dairy Alternativ...,£2.10£2.10 / ltr,
plant-based-drinks,Alpro Oat Milk Long Life Dairy Alternative 1L,£2.10£2.10 / ltr,
plant-based-drinks,Alpro Oat Milk Chilled Dairy Alternative 1L,"£1.50with Nectar
£2.00£2.00 / ltr",
plant-based-drinks,Alpro Oat Growing Up Long Life Dairy Alternative Toddler Dri...,£2.10£2.10 / ltr,
plant-based-drinks,Plenish Organic Oat Dairy Alternative Long Life Drink 1L,£2.35£2.35 / ltr,
plant-based-drinks,Plenish Organic Coconut Milk 1L,£2.35£2.35 / ltr,
plant-based-drinks,Alpro Soya Milk Long Life Dairy Alternative 1L,£2.10£2.10 / ltr,
plant-based-drinks,Sainsbury's Unsweetened Soya Drink 1L,£1.25£1.25 / ltr,
plant-based-drinks,"Oatly Oat Drink Multipack, Barista Edition 3 x 1.5L",£7.95£1.77 / ltr,
plant-based-drinks,Rude Health Oat Drink 1L,"£1.80with Nectar
£2.30£2.30 / ltr",
plant-based-drinks,Alpro Strawberry Soya Plant Based Yoghurt Alternative 500g,£2.3046p / 100g,
plant-based-drinks,Alpro Coconut Milk Chilled Dairy Alternative 1L,£2.00£2.00 / ltr,
plant-based-drinks,Alpro Soya Growing Up Long Life Dairy Alternative Toddler Dr...,£2.10£2.10 / ltr,
plant-based-drinks,Alpro Almond Milk Chilled Dairy Alternative 1L,"£1.50with Nectar
£2.00£2.00 / ltr",
plant-based-drinks,Rude Health Almond Drink 1L,"£1.80with Nectar
£2.30£2.30 / ltr",
plant-based-drinks,Sainsbury's Unsweetened Almond Drink 1L,£1.45£1.45 / ltr,
plant-based-drinks,Oatly Oat Drink Chocolate Long Life 1L,£1.90£1.90 / ltr,
plant-based-drinks,Rude Health Coconut Drink 1L,"£1.80with Nectar
£2.30£2.30 / ltr",
plant-based-drinks,Alpro Soya Vanilla Long Life Drink 1L,£2.10£2.10 / ltr,
plant-based-drinks,Alpro High Protein Chocolate Long Life Soya Dairy Alternativ...,£2.30£2.30 / ltr,
plant-based-drinks,Alpro Soya Light Milk Chilled Dairy Alternative 1L,£2.00£2.00 / ltr,
plant-based-drinks,Alpro Barista Almond Milk Long Life Dairy Alternative 1L,"£1.50with Nectar
£2.20£2.20 / ltr",
plant-based-drinks,Alpro Hazelnut Long Life Drink 1L,£2.20£2.20 / ltr,
plant-based-drinks,Plenish Organic Cashew Dairy Alternative Long Life Drink 1L,£2.35£2.35 / ltr,
plant-based-drinks,Alpro Coconut Milk Long Life Dairy Alternative 1L,£2.10£2.10 / ltr,
plant-based-drinks,Rude Health Almond High Calcium Chilled Drink 1L,£2.30£2.30 / ltr,
plant-based-drinks,Alpro Almond Milk Long Life Dairy Alternative 1L,£2.10£2.10 / ltr,
plant-based-drinks,Oatly Oat Drink Light Chilled 1L,£2.20£2.20 / ltr,
plant-based-drinks,Koko Coconut UHT Drink 1L,£1.80£1.80 / ltr,
plant-based-drinks,Oatly Oat Drink Whole Chilled 500ml,£1.20£2.40 / ltr,
plant-based-drinks,Oatly Oat Drink Organic Chilled 1L,£2.20£2.20 / ltr,
plant-based-drinks,Alpro High Protein Chocolate Chilled Soya Dairy Alternative ...,£1.75£2.33 / ltr,
plant-based-drinks,Califia Farms Mocha Cold Brew Coffee with Almond 750ml,£2.9539p / 100ml,
plant-based-drinks,Alpro Soya Chocolate Chilled Drink 1L,£2.00£2.00 / ltr,
plant-based-drinks,Koko Dairy Free Unsweetened Drink 1L,£1.85£1.85 / ltr,
plant-based-drinks,Oatly Oat Drink Matcha Latte Chilled 1L,£2.95£2.95 / ltr,
plant-based-drinks,Sainsbury's Sweetened Soya Drink 1L,£1.25£1.25 / ltr,
plant-based-drinks,Alpro Barista Cinnamon Roll Chilled Dairy Free Drink 750ml,"£1.25with Nectar
£1.75£2.33 / ltr",
plant-based-drinks,Oatly Oat Drink Chocolate Deluxe Chilled 1L,£2.20£2.20 / ltr,
plant-based-drinks,Califia Farms Cold Brew Caramel Oat Coffee 750ml,£2.9539p / 100ml,
plant-based-drinks,Rude Health Oat with Calcium 1L,£2.30£2.30 / ltr,
plant-based-drinks,Rude Health Soya with Calcium 1L,£2.30£2.30 / ltr,
sports-nutrition,Monster Energy Drink Zero Sugar 9x500ml,£10.5023p / 100ml,
sports-nutrition,Monster Energy Drink Ultra Zero Sugar 9x500ml,£10.5023p / 100ml,
sports-nutrition,Lucozade Energy Drink Original 4x380ml,£3.2521p / 100ml,
sports-nutrition,Lindahls Kvarg Raspberry High Protein Yogurt 150g,£1.2583p / 100g,
sports-nutrition,Lindahls Kvarg Vanilla High Protein Yogurt 150g,£1.2583p / 100g,
sports-nutrition,Eat Natural Protein Peanuts Dark Chocolate Fruit & Nut Cerea...,"£2.00with Nectar
£2.60£2.17 / 100g",
sports-nutrition,Lindahls Pro Kvarg Lemon Cheesecake High Protein Yogurt 150g,£1.4093p / 100g,
sports-nutrition,Lindahls Kvarg Stracciatella with Chocolate Pieces High Prot...,£1.2583p / 100g,
sports-nutrition,Lindahls Kvarg White Chocolate High Protein Yogurt 150g,£1.2583p / 100g,
sports-nutrition,Lindahls Pro+ Kvarg Banoffee Pie High Protein Yogurt 150g,£1.4093p / 100g,
sports-nutrition,GetPro 25g Strawberry High Protein Yoghurt Drink 300g,"£1.50with Nectar
£2.0067p / 100g",
sports-nutrition,Lucozade Energy Drink Orange 4x380ml,£3.2521p / 100ml,
sports-nutrition,GetPro 15g Protein Blueberry Yoghurt 160g,£1.2578p / 100g,
sports-nutrition,Eat Natural Protein Peanuts Almonds Salted Caramel Fruit & N...,"£2.00with Nectar
£2.60£2.17 / 100g",
sports-nutrition,Biotiful Gut Health Kefir Protein Yogurt Original 250g,£1.8574p / 100g,
sports-nutrition,GetPro 18g Chocolate & Hazelnut High Protein Pudding 180g,£1.85£1.03 / 100g,
sports-nutrition,Lucozade Energy Drink Original 900ml,£1.7519p / 100ml,
sports-nutrition,Eat Natural Protein Peanuts Orange Dark Chocolate Fruit & Nu...,"£2.00with Nectar
£2.60£2.17 / 100g",
sports-nutrition,Monster Energy Drink Ultra Zero Sugar 4x 500ml,£5.8529p / 100ml,
sports-nutrition,Lucozade Sport Drink Jude Ice Kick 4 x 500ml,£4.0020p / 100ml,
sports-nutrition,Eat Natural Protein Maple Syrup Pecans Peanuts Fruit & Nut C...,"£2.00with Nectar
£2.60£2.17 / 100g",
sports-nutrition,Lucozade Energy Drink Orange 900ml,£1.7519p / 100ml,
sports-nutrition,GetPro 20g Protein Mousse Chocolate Flavour 200g,"£1.75with Nectar
£2.50£1.25 / 100g",
sports-nutrition,Lucozade Zero Pink Lemonade 4x380ml,£3.2521p / 100ml,
sports-nutrition,FULFIL Chocolate Peanut & Caramel Flavour Vitamin & Protein ...,£5.75£4.79 / 100g,
sports-nutrition,Lindahls High Protein Pudding Chocolate 140g,"£1.00with Nectar
£1.40£1.00 / 100g",
sports-nutrition,Sainsbury's Blue Bolt Zero 6x250ml,£3.5023p / 100ml,
sports-nutrition,Arla Protein Peach & Raspberry Yogurt 200g,£1.4573p / 100g,
sports-nutrition,Monster Energy Drink Mango Loco 4x500ml,£6.4532p / 100ml,
sports-nutrition,FULFIL Chocolate Salted Caramel Flavour Vitamin & Protein Ba...,£5.75£4.79 / 100g,
sports-nutrition,Lucozade Energy Drink Caribbean Crush 4x380ml,£3.2521p / 100ml,
sports-nutrition,Monster Energy Drink Lando Norris Zero Sugar 4 x 500ml,£5.6028p / 100ml,
sports-nutrition,Biotiful Gut Health Kefir Protein Yogurt Cherry 250g,£1.8574p / 100g,
sports-nutrition,Biotiful Gut Health Kefir Protein Yogurt Vanilla 250g,£1.8574p / 100g,
sports-nutrition,Lucozade Zero Pink Lemonade 900ml,£1.7519p / 100ml,
sports-nutrition,Monster Energy Drink Ultra Peachy Keen Zero Sugar 4x500ml,£5.8529p / 100ml,
sports-nutrition,Grenade Oreo Protein Bars 3x35g,"£4.30with Nectar
£5.35£5.10 / 100g",
sports-nutrition,Grenade Carb Killa High Protein Low Sugar Bar Fudged Up 60g,"£2.20with Nectar
£2.90£4.83 / 100g",
sports-nutrition,The Coconut Collab Protein Yogurt 350g,£2.7579p / 100g,
sports-nutrition,Monster Energy Ultra Rosa 4x500ml,£5.8529p / 100ml,
sports-nutrition,Lucozade Energy Drink Orange Cans 12x330ml,£5.5514p / 100ml,
sports-nutrition,Müller Myprotein High Protein Strawberry Yogurt with Granola,£2.00£1.11 / 100g,
sports-nutrition,Grenade Chocolate Chip Cookie Dough Flavour Protein Bar 60g,"£2.20with Nectar
£2.90£4.83 / 100g",
sports-nutrition,Lucozade Energy Drink Cherry 900ml,£1.7519p / 100ml,
sports-nutrition,Grenade Carb Killa High Protein Bar White Chocolate Salted P...,"£2.20with Nectar
£2.90£4.83 / 100g",
sports-nutrition,Myprotein White Gold Flavour Layered Protein Bar 60g,"£1.75with Nectar
£2.50£4.17 / 100g",
sports-nutrition,Starbucks Chocolate Mocha Flavour Protein Drink with Coffee ...,£2.7583p / 100ml,
sports-nutrition,Huel Chocolate 4x500ml,£12.50£5.79 / kg,
sports-nutrition,"Phizz Daily 3-in-1 Hydration, Electrolytes & Vitamins Efferv...",£8.0040p / ea,
sports-nutrition,Huel Chocolate Brownie 500ml,£3.5070p / 100ml,
sports-nutrition,Huel Black Edition Strawberry Banana 500ml,£3.8076p / 100ml,
sports-nutrition,Yfood Classic Choco Ready to Drink Meal Replacement Shake 50...,£3.5070p / 100ml,
sports-nutrition,Lucozade Energy Cherry 4x380ml,£3.2521p / 100ml,
sports-nutrition,Huel Vanilla 4x500ml,£12.50£5.79 / kg,
sports-nutrition,Relentless Origin Energy Drink 4x500ml,"£3.00with Nectar
£3.5018p / 100ml",
sports-nutrition,Monster Energy Drink 4x500ml,£6.4532p / 100ml,
sports-nutrition,Monster Energy Drink Pipeline Punch 4x500ml,£6.4532p / 100ml,
sports-nutrition,Monster Energy Drink Rio Punch 4 x 500ml,£6.4532p / 100ml,
sports-nutrition,Sainsbury's Blue Bolt 6x250ml (Sugar levy applied),£3.7025p / 100ml,
sports-nutrition,Monster Energy Drink Aussie Style Lemonade 4x500ml,£6.4532p / 100ml,
sustainable-seafood,Sainsbury's Sea Bass Fillets ASC 180g,"£3.49with Nectar
£4.65£25.83 / kg",
sustainable-seafood,Sainsbury's Skin on & Boneless Smoked MSC Haddock Fillets 24...,"£4.50with Nectar
£5.25£21.88 / kg",
sustainable-seafood,"Sainsbury's Skin on MSC Smoked Haddock Loins, Taste the Diff...","£5.50with Nectar
£5.95£23.80 / kg",
sustainable-seafood,Sainsbury's Skin on ASC Scottish Salmon Fillets x2 240g,£4.50£18.75 / kg,
sustainable-seafood,Sainsbury's ASC Scottish Mild Smoked Salmon 100g (Ready to E...,"£2.50with Nectar
£3.75£3.75 / 100g",
sustainable-seafood,Sainsbury's Large King Prawns ASC 150g,"£2.50with Nectar
£3.75£2.50 / 100g",
sustainable-seafood,Sainsbury's Skin on ASC Scottish Salmon Fillets x4 480g,£8.95£18.65 / kg,
sustainable-seafood,Sainsbury's Frozen Large Raw Peeled King Prawns ASC 180g,£2.85£15.83 / kg,
sustainable-seafood,Sainsbury's Skinless ASC Scottish Salmon Fillets x2 220g,"£5.25with Nectar
£5.95£27.05 / kg",
sustainable-seafood,"Sainsbury's Chunky Cod Fish Fingers, Taste the Difference x8...",£4.80£10.00 / kg,
sustainable-seafood,Sainsbury's MSC Seafood Sticks x16 250g,"£1.00with Nectar
£1.2550p / 100g",
sustainable-seafood,Sainsbury's Peeled Coldwater Prawns MSC 150g,"£1.95with Nectar
£2.95£1.97 / 100g",
sustainable-seafood,Sainsbury's Taste the Difference 8 Chunky Haddock Fillet Fis...,"£4.00with Nectar
£4.50£9.38 / kg",
sustainable-seafood,Sainsbury's Fishcakes Melting Middle MSC Cod & Parsley Sauce...,"£2.25with Nectar
£3.00£10.34 / kg",
sustainable-seafood,"Sainsbury's Large King Prawns ASC, Taste the Difference 150g",£4.25£2.83 / 100g,
sustainable-seafood,"Sainsbury's ASC Oak Smoked Scottish Salmon, Taste the Differ...",£4.75£4.75 / 100g,
sustainable-seafood,Sainsbury's Frozen Large Cooked & Peeled King Prawns ASC 180...,£2.85£15.83 / kg,
sustainable-seafood,Birds Eye Cod Fish Fingers x10 280g,"£3.00with Nectar
£4.50£16.07 / kg",
sustainable-seafood,Sainsbury's Fishcakes Melting Middle Smoked MSC Haddock with...,£3.25£11.21 / kg,
sustainable-seafood,Birds Eye Battered Fish Fillets x4 400g,"£2.50with Nectar
£4.00£10.00 / kg",
sustainable-seafood,Sainsbury's Scottish Smoked Salmon Trimmings 100g (Ready to ...,"£1.75with Nectar
£1.95£1.95 / 100g",
sustainable-seafood,Sainsbury's Sweet Chilli ASC Scottish Salmon Portions x2 180...,£5.95£3.31 / 100g,
sustainable-seafood,Birds Eye Breaded Omega 3 Fish Fingers x32 896g,"£4.50with Nectar
£5.00£5.58 / kg",
sustainable-seafood,Birds Eye Omega 3 Fish Fingers x10 280g,£3.00£10.71 / kg,
sustainable-seafood,Sainsbury's Fishcakes Scottish Salmon x2 270g,£1.95£7.22 / kg,
sustainable-seafood,Sainsbury's Skinless & Boneless Cod Fillets 360g,£5.00£13.89 / kg,
sustainable-seafood,"Sainsbury's Wild Pacific Red Salmon, Skinless & Boneless 105...",£2.60£2.48 / 100g,
sustainable-seafood,"Sainsbury's Large Atlantic MSC Coldwater Prawns, Taste the D...",£3.95£2.63 / 100g,
sustainable-seafood,Fish Said Fred 2 Big Cod Fillets 300g,"£5.21with Nectar
£6.95£23.17 / kg",
sustainable-seafood,"Sainsburys ASC Scottish Hickory Wood Smoked Salmon, Taste th...","£3.95with Nectar
£4.75£4.75 / 100g",
sustainable-seafood,Sainsbury's MSC Cod Fishcakes x2 270g,£1.95£7.22 / kg,
sustainable-seafood,"Sainsbury's Beer Battered MSC Cod Fillets, Taste the Differe...","£4.69with Nectar
£6.25£16.23 / kg",
sustainable-seafood,Stamford Street Co. White Fish Fillets 520g,£2.35£4.52 / kg,
sustainable-seafood,Sainsbury's Lightly Dusted MSC Cod Fillets x2 255g,£4.50£17.65 / kg,
sustainable-seafood,Stamford Street Co. Prawns 250g,£2.72£10.88 / kg,
sustainable-seafood,Sainsbury's Salmon Fillets 360g,£5.00£13.89 / kg,
sustainable-seafood,Sainsbury’s Sea Bass Fillets ASC x4 360g,£7.95£22.08 / kg,
sustainable-seafood,Sainsbury's Honey Roast ASC Scottish Salmon Flakes 80g (Read...,£3.50£4.38 / 100g,
sustainable-seafood,Sainsbury's Basa Fillets ASC 250g,£1.95£7.80 / kg,
sustainable-seafood,"Sainsbury's Frozen Cooked & Peeled Jumbo King Prawns ASC, Ta...","£4.50with Nectar
£5.25£23.33 / kg",
sustainable-seafood,Sainsbury's Skin on ASC lightly Smoked Scottish Salmon Fille...,£6.50£27.08 / kg,
sustainable-seafood,Sainsburys Hebridean Kiln Dried Thick Sliced ASC Scottish Sm...,£4.75£4.75 / 100g,
sustainable-seafood,"Sainsbury's Frozen Raw Peeled Jumbo King Prawns ASC, Taste t...",£5.25£23.33 / kg,
sustainable-seafood,"Sainsbury's Large Raw Peeled King Prawns ASC, Taste the Diff...","£3.00with Nectar
£3.95£23.94 / kg",
sustainable-seafood,Sainsbury's Skin on ASC Scottish Salmon Fillet 600g,£10.95£18.25 / kg,
sustainable-seafood,Sainsbury's Wild Pacific Pink Salmon 212g,£1.7583p / 100g,
sustainable-seafood,"Sainsbury's Skin on ASC Scottish Salmon Fillets, So Organic ...",£6.95£28.96 / kg,
sustainable-seafood,Sainsbury’s Lightly Dusted Basa fillets ASC x2 265g,£2.95£11.13 / kg,
sustainable-seafood,Sainsbury's Scottish Smoked Salmon 200g,£6.95£3.48 / 100g,
sustainable-seafood,Sainsbury's Raw King Prawns ASC 165g,£2.99£18.12 / kg,
sustainable-seafood,Sainsbury's Coldwater Prawn Cocktail MSC 170g,£2.75£1.62 / 100g,
sustainable-seafood,"Sainsbury's Coldwater MSC Prawn Cocktail, Taste the Differen...",£3.00£1.76 / 100g,
sustainable-seafood,Sainsbury's Wild Pacific Red Salmon 212g,£3.20£1.51 / 100g,
sustainable-seafood,Sainsbury's Steamed ASC Scottish Salmon Portions x2 180g (Re...,"£4.95with Nectar
£5.95£3.31 / 100g",
sustainable-seafood,Sainsbury's MSC Haddock Fishcakes x2 270g,"£1.65with Nectar
£1.95£7.22 / kg",
sustainable-seafood,Sainsbury’s Smoked Basa fillets ASC 240g,£1.95£8.13 / kg,
sustainable-seafood,Sainsbury's Chilli & Coriander King Prawns ASC 150g,£3.95£2.63 / 100g,
sustainable-seafood,Sainsbury's Breaded MSC Cod Fillets x2 300g,£2.79£9.30 / kg,
sustainable-seafood,Leap Wild Fish MSC Sockeye Salmon x2 220g,"£7.95with Nectar
£8.95£40.68 / kg",
sustainable-seafood,"Sainsbury’s Breaded Chunky MSC Cod Loins, Taste the Differen...",£5.75£16.43 / kg,
vegetarian-and-plant-based,Walkers Crisps Smoky Bacon 6 x 25g,"£1.45with Nectar
£2.20£1.47 / 100g",
vegetarian-and-plant-based,Walkers Salt & Vinegar Multipack Crisps 6 x 25g,"£1.45with Nectar
£2.20£1.47 / 100g",
vegetarian-and-plant-based,Walkers Prawn Cocktail Multipack Crisps 6 x 25g,"£1.45with Nectar
£2.20£1.47 / 100g",
vegetarian-and-plant-based,Lurpak Slightly Salted Spreadable Blend of Butter & Rapeseed...,"£3.50with Nectar
£4.75£11.88 / kg",
vegetarian-and-plant-based,Jason's Sourdough The Great White Bread 450g,£2.0044p / 100g,
vegetarian-and-plant-based,Sainsbury's Brioche Burger Buns Rolls x4,£1.0927p / ea,
vegetarian-and-plant-based,Sainsbury's Custard Creams 200g,30p15p / 100g,
vegetarian-and-plant-based,Cadbury Timeout Wafer Chocolate Biscuit Bars Pack 6 x 18g,£1.65£1.53 / 100g,
vegetarian-and-plant-based,Jason's Sourdough White Ciabattin Bread 580g,£2.0034p / 100g,
vegetarian-and-plant-based,Birds Eye Potato Waffles x10 567g,"£2.00with Nectar
£2.35£4.14 / kg",
vegetarian-and-plant-based,Oatly Oat Drink Barista Edition Long Life 1L,£2.20£2.20 / ltr,
vegetarian-and-plant-based,Flora Buttery Spread Alternative To Butter 450g,"£1.75with Nectar
£2.65£5.89 / kg",
vegetarian-and-plant-based,Lurpak Lighter Spreadable Blend of Slightly Salted Butter & ...,"£3.50with Nectar
£4.75£11.88 / kg",
vegetarian-and-plant-based,Anchor Salted Butter 200g,"£1.85with Nectar
£2.60£13.00 / kg",
vegetarian-and-plant-based,Crosta & Mollica Piadina Golden Durum Wheat Italian Flatbrea...,"£1.60with Nectar
£2.0067p / 100g",
vegetarian-and-plant-based,Philadelphia Original Soft Cream Cheese 280g,"£2.25with Nectar
£3.25£11.61 / kg",
vegetarian-and-plant-based,Sainsbury's Milk Chocolate Digestives 300g,£1.2542p / 100g,
vegetarian-and-plant-based,McCain Crispy French Fries 1.4kg,"£3.50with Nectar
£4.30£3.07 / kg",
vegetarian-and-plant-based,Alpro Almond Milk No Sugars Chilled Dairy Alternative 1L,"£1.50with Nectar
£2.00£2.00 / ltr",
vegetarian-and-plant-based,Alpro Oat Milk No Sugars Chilled Dairy Alternative 1L,"£1.50with Nectar
£2.00£2.00 / ltr",
vegetarian-and-plant-based,Warburtons Protein Thin Bagels x4,£1.7544p / ea,
vegetarian-and-plant-based,"Sainsbury's Coleslaw, Taste the Difference 600g","£2.25with Nectar
£3.0050p / 100g",
vegetarian-and-plant-based,KitKat 2 Finger Milk Chocolate Biscuit Bar Multipack 8 x 20....,"£1.65with Nectar
£2.20£1.33 / 100g",
vegetarian-and-plant-based,Stamford Street Co. Cheese & Tomato Pizza 101g,51p£5.05 / kg,
vegetarian-and-plant-based,Sunbites Sun Ripened Sweet Chilli Multipack Snacks Crisps 6x...,£2.20£1.47 / 100g,
vegetarian-and-plant-based,Sainsbury's Fresh Soured Cream 150ml,85p57p / 100ml,
vegetarian-and-plant-based,Sainsbury's Malted Milk Biscuits 200g,49p25p / 100g,
vegetarian-and-plant-based,Jason's Sourdough Grains & Seeds Ciabatt Bread,£2.0034p / 100g,
vegetarian-and-plant-based,Pringles Sour Cream & Onion Sharing Crisps 185g,£2.50£1.35 / 100g,
vegetarian-and-plant-based,KitKat 2 Finger Milk Chocolate Biscuit Bar Multipack 12 x 20...,£2.95£1.19 / 100g,
vegetarian-and-plant-based,Diet Coke 18 x 330ml,£9.5016p / 100ml,
vegetarian-and-plant-based,Lurpak Slightly Salted Butter 200g,£2.80£14.00 / kg,
vegetarian-and-plant-based,Fox's Biscuits Golden Crunch Creams 200g,£1.3065p / 100g,
vegetarian-and-plant-based,Walkers Baked Ready Salted Multipack Crisps Snacks 6x22g,£2.20£1.67 / 100g,
vegetarian-and-plant-based,McCain Crispy French Fries 900g,£3.20£3.56 / kg,
vegetarian-and-plant-based,McVitie's Penguin Original Biscuit Bar Multipack 7 x 24.6g,"£1.00with Nectar
£2.00£1.16 / 100g",
vegetarian-and-plant-based,Anchor Spreadable Blend of Butter & Rapeseed Oil Spread 400g,£4.45£11.13 / kg,
vegetarian-and-plant-based,Müller Corner Vanilla Yogurt With Chocolate Balls 124g,90p73p / 100g,
vegetarian-and-plant-based,Walkers Baked Cheese & Onion Multipack Crisps Snacks 6x22g,£2.20£1.67 / 100g,
vegetarian-and-plant-based,Nestle Cheerios Multigrain Cereal 540g,£3.2565p / 100g,
vegetarian-and-plant-based,Pringles Original Sharing Crisps 185g,£2.50£1.35 / 100g,
vegetarian-and-plant-based,Sainsbury's Large Soft White Rolls x4,£1.00£1.00 / ea,
vegetarian-and-plant-based,"Sainsbury's Triple Belgian Chocolate Cookies, Taste the Diff...","£1.60with Nectar
£2.0050p / ea",
vegetarian-and-plant-based,"Fox's Rocky Chocolate Biscuit Bars Multipack, 7 Pack, 7x19g","£1.00with Nectar
£1.50£1.10 / 100g",
vegetarian-and-plant-based,Yeo Valley Organic Greek Style Natural Yogurt 450g,£2.2550p / 100g,
vegetarian-and-plant-based,Sainsbury's Egg Custard Tarts 4 x 81g,£1.5046p / 100g,
vegetarian-and-plant-based,Califia Farms Oat Drink Barista Blend 1L,"£1.50with Nectar
£2.10£2.10 / ltr",
vegetarian-and-plant-based,McCain Home Chips Crinkle 1kg,"£2.50with Nectar
£3.20£3.20 / kg",
vegetarian-and-plant-based,Müller Corner Vanilla Chocolate Balls & Banana Chocolate Fla...,£4.0054p / 100g,
vegetarian-and-plant-based,McCain Home Chips Straight 1kg,£3.20£3.20 / kg,
vegetarian-and-plant-based,Warburtons Medium Wholemeal Bread 800g,£1.3517p / 100g,
vegetarian-and-plant-based,Sainsbury's Tomato & Mascarpone Sauce 350g (Serves 2),"£1.50with Nectar
£2.0057p / 100g",
vegetarian-and-plant-based,Walkers Sensations Thai Sweet Chilli Sharing Bag Crisps 150g,£2.50£1.67 / 100g,
vegetarian-and-plant-based,Warburtons Crumpet Thins x8,"£1.00with Nectar
£1.4018p / ea",
vegetarian-and-plant-based,Sainsbury's Raspberry Trifles 2 x 125g,£1.5060p / 100g,
vegetarian-and-plant-based,Mccain Home Chips Chips Crinkle 1.6kg,£4.30£2.69 / kg,
vegetarian-and-plant-based,McVitie's Club Orange Biscuit Bars Multipack 7 x 22g,"£1.50with Nectar
£2.00£1.24 / 100g",
vegetarian-and-plant-based,Sainsbury's Strawberry Trifles 2 x 125g,£1.5060p / 100g,
vegetarian-and-plant-based,Sainsbury's Unsweetened Long Life Soya Drink 1L,85p85p / ltr,
vegetarian-and-plant-based,Belvita Chocolate Chip Soft Bakes Cereal Snack Bars Pack 5 x...,£2.75£1.10 / 100g,
vitamins-and-supplements,Active Iron Women Capsules & Tablets x60,£23.0038p / ea,
vitamins-and-supplements,Bassetts Vitamins Omega-3 & Multivits 12-18 Soft & Chewies x...,£7.5025p / ea,
vitamins-and-supplements,Bassetts Vitamins Omega-3 & Multivits 7-11 Soft & Chewies x3...,£7.0023p / ea,
vitamins-and-supplements,Sainsbury's Bones Vitamin D Tablets 1 a Day x90,£3.504p / ea,
vitamins-and-supplements,Sainsbury's A-Z Multivitamins & Minerals Tablets 1 a Day x60,£3.306p / ea,
vitamins-and-supplements,Vitabiotics Wellkid Baby Liquid 150ml,"£3.34with Nectar
£5.00£33.33 / ltr",
vitamins-and-supplements,Sainsbury's Vitamin C & Zinc x60,£2.404p / ea,
vitamins-and-supplements,Zooki 200mg Magnesium Pineapple Guava Flavour Liquid Food Su...,£2.50£166.67 / ltr,
vitamins-and-supplements,Dextro Orange 2x47g,£1.505p / ea,
vitamins-and-supplements,Berocca Orange Energy Effervescent Vitamin Tablets x15,£5.6538p / ea,
vitamins-and-supplements,Ultra Vitamin D Tablets x96,£5.005p / ea,
vitamins-and-supplements,Sainsbury's Kids Chewable Multivitamin & Minerals x60,£3.005p / ea,
vitamins-and-supplements,Sainsbury's Bones High Strength Cod Liver Oil One A Day x60 ...,£4.758p / ea,
vitamins-and-supplements,Vitabiotics Ultra Magnesium Tablets x60,£5.509p / ea,
vitamins-and-supplements,"Haliborange Multivitamins Strawberry Flavour Softies, 3-12 Y...",£10.4017p / ea,
vitamins-and-supplements,Bassetts Vitamins Adult Multivitamins Pastilles x30,£8.0027p / ea,
vitamins-and-supplements,Haliborange Fruit Softies x30,£6.2021p / ea,
vitamins-and-supplements,"Phizz Daily 3-in-1 Hydration, Electrolytes & Vitamins Efferv...",£8.0040p / ea,
vitamins-and-supplements,Bassetts Vitamins Multivitamins 7-11 Years Soft & Chewies x3...,£6.0020p / ea,
vitamins-and-supplements,Sainsbury's Multivitamins & Iron x180,£4.903p / ea,
vitamins-and-supplements,Sainsbury's Health Multivitamins Tablets 1 a Day x60,£1.653p / ea,
vitamins-and-supplements,Haliborange Kids Vitamin D x30,£6.2021p / ea,
vitamins-and-supplements,Sainsbury's Health Matters Immunity Chewable Vitamin C Table...,£2.654p / ea,
vitamins-and-supplements,Nytol Herbal Simply Sleep One A Night Tablets x21,£7.3535p / ea,
vitamins-and-supplements,Sainsbury's Bones Vitamin D 25µg One A Day x180 Tablets,£5.503p / ea,
vitamins-and-supplements,Vitabiotics Ultra Vitamin D 2000 IU Extra Strength Tablets x...,"£5.33with Nectar
£8.008p / ea",
vitamins-and-supplements,Sainsbury's Cranberry Supplement x30 400mg,£3.8513p / ea,
vitamins-and-supplements,Sainsbury's Folic Acid x90 400ug,£1.402p / ea,
vitamins-and-supplements,Menopace Tablets x30,"£3.00with Nectar
£4.5015p / ea",
vitamins-and-supplements,Centrum Women 50+ Multivitamins & Vitamin Tablets x30,£6.8023p / ea,
vitamins-and-supplements,Sainsbury's Bones High Strength Cod Liver Oil One A Day x180...,£9.005p / ea,
vitamins-and-supplements,Haliborange Orange Multivitamin Softie x30,£6.2021p / ea,
vitamins-and-supplements,Vitabiotics Feroglobin Capsules x30,£5.2518p / ea,
vitamins-and-supplements,Vitabiotics Wellwoman x30,£6.3021p / ea,
vitamins-and-supplements,Bassetts Vitamins Evening Primrose Oil & Multivits 12-18 x30,£8.0027p / ea,
vitamins-and-supplements,OptiBac Probiotics Every Day Capsules x30,£13.0043p / ea,
vitamins-and-supplements,Sainsbury's Vitamin E x60 400iu,£4.958p / ea,
vitamins-and-supplements,Sainsbury's Immune Slow Release Vitamin C 500mg One A Day x6...,£3.406p / ea,
vitamins-and-supplements,Vitabiotics WellKid Peppa Pig Multi-Vits Soft Jellies 3-7 Ye...,"£5.30with Nectar
£8.0027p / ea",
vitamins-and-supplements,Haliborange Omega-3 Multivitamin Softie x30,£6.2021p / ea,
vitamins-and-supplements,Sainsbury's Zinc x60 15mg,£1.753p / ea,
vitamins-and-supplements,Vitabiotics Wellwomen Tablets 70+ Years x30,£9.5032p / ea,
vitamins-and-supplements,Dextro Blackcurrant 2x47g,£1.505p / ea,
vitamins-and-supplements,Sainsbury's Cod Liver Oil & Calcium x60,£4.958p / ea,
vitamins-and-supplements,Vitabiotics Wellkid Multi-vitamin Smart Chewable 4-12 Years ...,"£4.30with Nectar
£6.5022p / ea",
vitamins-and-supplements,Seven Seas Omega-3 Fish Oil Plus Cod Liver Oil Capsules x60,£6.5011p / ea,
vitamins-and-supplements,Berocca Mixed Berries Energy Vitamin Tablets x15,£5.6538p / ea,
vitamins-and-supplements,Berocca Blackcurrant Flavour Effervescent Tablets x15,£5.6538p / ea,
vitamins-and-supplements,Haliborange Disney Frozen Multivitamins 60 Character Shaped ...,"£10.00with Nectar
£12.5042p / ea",
vitamins-and-supplements,Sainsbury's Cod Liver Oil with Vitamins A & D x180,£7.504p / ea,
vitamins-and-supplements,A.Vogel Echinaforce Echinacea Tablets x42,£5.5013p / ea,
vitamins-and-supplements,Berocca Mango Energy Vitamin Tablets x15,£5.6538p / ea,
vitamins-and-supplements,Haliborange the Big Multi Strawberry Flavour Softies x90,£9.9911p / ea,
vitamins-and-supplements,Seven Seas Cod Liver Oil Plus Multivitamins Omega-3 Fish Oil...,£14.0016p / ea,
vitamins-and-supplements,"Haliborange Vitamin C Tablets, Effervescent, Ruby Red Orange...",£4.5023p / ea,
vitamins-and-supplements,Sainsbury's Health Matters Women's Health Menopause Support ...,£3.7012p / ea,
vitamins-and-supplements,Sainsbury's Pro Fit Berry Flavour Hydration Tablets x20,£3.00£3.00 / ea,
world-foods,Tito's Handmade Vodka 70cl,£25.00£35.71 / ltr,
world-foods,"Wray and Nephew Rum, 63% ABV - White Overproof Jamaica Rum 7...",£31.00£44.29 / ltr,
world-foods,Tunnock's Caramel Wafers x8,£2.75£1.15 / 100g,
world-foods,Sainsbury's Carrots 1kg,69p69p / kg,
world-foods,Sainsbury's Carrots 500g,55p£1.10 / kg,
world-foods,Lurpak Slightly Salted Spreadable Blend of Butter & Rapeseed...,"£3.50with Nectar
£4.75£11.88 / kg",
world-foods,Sainsbury's Extra Fine Beans 200g,£1.50£7.50 / kg,
world-foods,Sainsbury's Granny Smith Apples x6,£1.7028p / ea,
world-foods,Lurpak Lighter Spreadable Blend of Slightly Salted Butter & ...,"£3.50with Nectar
£4.75£11.88 / kg",
world-foods,Sainsbury's Coconut Milk Light 400g,75p19p / 100ml,
world-foods,KTC Chick Peas 400g,"45pwith Nectar
65p£1.63 / kg",
world-foods,Sainsbury's Pomegranate 80g,£1.40£17.50 / kg,
world-foods,Stamford Street Co. Carrots 1kg,53p53p / kg,
world-foods,Oreo Original Cocoa Sandwich Cookies with Vanilla Flavour Fi...,"75pwith Nectar
£1.5097p / 100g",
world-foods,Califia Farms Oat Drink Barista Blend 1L,"£1.50with Nectar
£2.10£2.10 / ltr",
world-foods,KTC Coconut Milk 400ml,"90pwith Nectar
£1.3534p / 100ml",
world-foods,Sainsbury's Chantenay Carrots 400g,"80pwith Nectar
£1.00£2.50 / kg",
world-foods,Sainsbury's Dark Soy Sauce 150ml,59p39p / 100ml,
world-foods,Sainsbury's Poppadoms Plain 64g,£1.50£2.34 / 100g,
world-foods,Warburtons Wholemeal Soft Pittas x4,£1.2030p / ea,
world-foods,Stamford Street Co. Green Beans 220g,85p£3.86 / kg,
world-foods,KTC Chopped Tomatoes 400g,"45pwith Nectar
65p£1.63 / kg",
world-foods,Sainsbury's Pink Lady Apple Single,50p50p / ea,
world-foods,Sainsbury's Pomegranate 240g,£2.50£10.42 / kg,
world-foods,Sainsbury's Light Soy Sauce 150ml,59p39p / 100ml,
world-foods,Warburtons White Soft Pittas x4,£1.2030p / ea,
world-foods,Flahavan's Organic Jumbo Oats 1kg,£2.7027p / 100g,
world-foods,Tunnock's Milk Chocolate Teacakes Biscuits x10,£2.75£1.72 / 100g,
world-foods,Sainsbury's Medium Noodles 250g,95p£3.80 / kg,
world-foods,"Sainsbury's Medjool Dates, Taste the Difference 200g",£2.50£12.50 / kg,
world-foods,Sainsbury's Garlic & Coriander Naan x2 260g,69p27p / 100g,
world-foods,Sharwood's Medium Egg Noodles 226g,"£1.25with Nectar
£2.00£8.85 / kg",
world-foods,Sainsbury's Mini Plain Naan x4 188g,£1.0556p / 100g,
world-foods,Fudco Sunflower & Pumpkin Seed Mix 250g,"£2.40with Nectar
£3.00£12.00 / kg",
world-foods,Sainsbury's Wholewheat Medium Noodles 250g,95p£3.80 / kg,
world-foods,Sainsbury's Plain Naan x 2 260g,69p27p / 100g,
world-foods,Sainsbury's Sweet Mango Chutney 240g,£1.0042p / 100g,
world-foods,Sabra Houmous Extra 200g,"£2.00with Nectar
£2.50£1.25 / 100g",
world-foods,Sainsbury's Tikka Masala Curry Cooking Sauce 500g,99p20p / 100g,
world-foods,Sainsbury's Medium Noodles Quick To Cook x2 300g,£1.00£3.33 / kg,
world-foods,Laila Red Split Lentils 1kg,"£1.80with Nectar
£2.00£2.00 / kg",
world-foods,Sainsbury's Udon Noodles Quick To Cook x2 300g,£1.00£3.33 / kg,
world-foods,Rowse Original Squeezy Honey 680g,£4.5066p / 100g,
world-foods,Lurpak Unsalted Spreadable Blend of Butter & Rapeseed Oil 40...,"£3.50with Nectar
£4.75£11.88 / kg",
world-foods,Beyond Meat Plant Based Burger Patties x2 226g,£4.50£19.91 / kg,
world-foods,Sainsbury's Passion Fruit Loose,40p40p / ea,
world-foods,Sainsbury's Garlic & Coriander Mini Naan x4 188g,£1.1059p / 100g,
world-foods,"Sainsbury's Medjool Dates, SO Organic 200g",£2.50£12.50 / kg,
world-foods,Sainsbury's Rice Noodles 250g,85p£3.40 / kg,
world-foods,Sainsbury's Soy Sauce Reduced Salt 150ml,59p39p / 100ml,
world-foods,Heinz Tomato Ketchup 300ml,£2.0058p / 100g,
world-foods,KTC Minced Garlic Paste 210g,"£1.20with Nectar
£1.407p / 10g",
world-foods,Amoy Coconut Milk 400ml,"£1.50with Nectar
£2.5063p / 100ml",
world-foods,Sainsbury's Korma Curry Cooking Sauce 500g,99p20p / 100g,
world-foods,KTC Pressed Toasted Pure Sesame Oil 250ml,"£2.00with Nectar
£2.2088p / 100ml",
world-foods,Sainsbury's Pomegranate Single,£1.50£1.50 / ea,
world-foods,Sainsbury's Royal Gala Apple Single,35p35p / ea,
world-foods,itsu Chick-n Ramen Rice Noodle Pot 64g,£2.00£31.25 / kg,
world-foods,Kettle Chips Sea Salt & Crushed Black Peppercorns Sharing Cr...,£2.65£2.04 / 100g,
world-foods,Kellogg's Coco Pops Chocos Chocolate Breakfast Cereal 430g,"£2.85with Nectar
£3.5081p / 100g",
vegan,Monster Energy Drink Ultra Zero Sugar 9x500ml,£10.5023p / 100ml,
vegan,Mr Kipling Raspberry Sponge Puddings 2x95g,£2.00£1.05 / 100g,
vegan,Kopparberg Crisp Apple Premium Cider 4 x 500ml,£5.75£2.88 / ltr,
vegan,Sainsbury's Toastie Thick Sliced White Bread 800g,75p9p / 100g,
vegan,Jason's Sourdough White Ciabattin Bread 580g,£2.0034p / 100g,
vegan,Sainsbury's Quadruple Strength Apple & Blackcurrant Squash 1...,£1.8512p / 100ml,
vegan,Birds Eye Potato Waffles x10 567g,"£2.00with Nectar
£2.35£4.14 / kg",
vegan,Oatly Oat Drink Barista Edition Long Life 1L,£2.20£2.20 / ltr,
vegan,Sainsbury's Sheet Puff Pastry x1 320g,£1.30£4.06 / kg,
vegan,Crosta & Mollica Piadina Golden Durum Wheat Italian Flatbrea...,"£1.60with Nectar
£2.0067p / 100g",
vegan,McCain Crispy French Fries 1.4kg,"£3.50with Nectar
£4.30£3.07 / kg",
vegan,Alpro Almond Milk No Sugars Chilled Dairy Alternative 1L,"£1.50with Nectar
£2.00£2.00 / ltr",
vegan,Alpro Oat Milk No Sugars Chilled Dairy Alternative 1L,"£1.50with Nectar
£2.00£2.00 / ltr",
vegan,Ritz Bakery the Original Cracker Box 150g,"£1.00with Nectar
£1.2583p / 100g",
vegan,Jason's Sourdough Grains & Seeds Ciabatt Bread,£2.0034p / 100g,
vegan,Diet Coke 18 x 330ml,£9.5016p / 100ml,
vegan,McCain Crispy French Fries 900g,£3.20£3.56 / kg,
vegan,Sainsbury's Quadruple Strength Orange & Mango Squash 1.5L,£1.8512p / 100ml,
vegan,Sainsbury's Ginger Snaps 300g,59p20p / 100g,
vegan,Sainsbury's Digestives 400g,59p15p / 100g,
vegan,Lindt Excellence Dark 70% Cocoa Chocolate Bar 100g,£3.50£3.50 / 100g,
vegan,Oreo Original Cocoa Sandwich Cookies with Vanilla Flavour Fi...,"75pwith Nectar
£1.5097p / 100g",
vegan,Pringles Original Sharing Crisps 185g,£2.50£1.35 / 100g,
vegan,Califia Farms Oat Drink Barista Blend 1L,"£1.50with Nectar
£2.10£2.10 / ltr",
vegan,McCain Home Chips Crinkle 1kg,"£2.50with Nectar
£3.20£3.20 / kg",
vegan,McCain Home Chips Straight 1kg,£3.20£3.20 / kg,
vegan,Warburtons Medium Wholemeal Bread 800g,£1.3517p / 100g,
vegan,Stamford Street Co. Spaghetti 500g,28p56p / kg,
vegan,Warburtons Crumpet Thins x8,"£1.00with Nectar
£1.4018p / ea",
vegan,Mccain Home Chips Chips Crinkle 1.6kg,£4.30£2.69 / kg,
vegan,Sainsbury's Unsweetened Long Life Soya Drink 1L,85p85p / ltr,
vegan,Warburtons Wholemeal Soft Pittas x4,£1.2030p / ea,
vegan,Vitalite Dairy Free Spread 500g,"£1.70with Nectar
£2.00£4.00 / kg",
vegan,Sainsbury's Unsweetened Long Life Almond Drink 1L,99p99p / ltr,
vegan,Sainsbury's Quadruple Strength Summer Fruits Squash 1.5L,£1.8512p / 100ml,
vegan,Kettle Chips Lightly Salted Sharing Crisps 130g,£2.65£2.04 / 100g,
vegan,The Tofoo Co. Naked Organic Tofu 280g,£2.30£8.21 / kg,
vegan,Warburtons White Soft Pittas x4,£1.2030p / ea,
vegan,Florette Classic Crispy 140g,"£1.00with Nectar
£1.50£1.07 / 100g",
vegan,Oatly Oat Drink Whole Chilled 1L,£2.20£2.20 / ltr,
vegan,Marmite Classic Yeast Extract Spread 250g,£3.00£1.20 / 100g,
vegan,Flora Original Spread  Alternative To Butter 450g,"£1.75with Nectar
£2.65£5.89 / kg",
vegan,Fitzgeralds Family Bakery Deli Style Sourdough Bagels Pre-Sl...,£2.1042p / ea,
vegan,"Sainsbury's Super Seeds White Farmhouse Bread, Taste the Dif...",£1.5019p / 100g,
vegan,"Sainsbury's Wheat & Rye Sourdough Half Bloomer Bread, Taste ...",£1.9549p / 100g,
vegan,Graze Lemon & Blueberry Oat Boost Flapjack Superfood Snack B...,"£1.75with Nectar
£2.75£2.29 / 100g",
vegan,Sainsbury's Quadruple Strength Cherries & Berries Squash 1.5...,£1.8512p / 100ml,
vegan,Green & Black's Organic 85% Dark Chocolate Bar 90g,"£2.75with Nectar
£3.25£3.61 / 100g",
vegan,Stamford Street Co. Penne Pasta 500g,41p82p / kg,
vegan,Sainsbury's Nutty Nougat Chocolate Bars 5 x 36g,£1.4581p / 100g,
vegan,Sainsbury's Ready Rolled Shortcrust Pastry 320g,£1.25£3.91 / kg,
vegan,McCain Potato Smiles 454g,£2.50£5.51 / kg,
vegan,Sainsbury's Tomato & Basil Sauce 350g (Serves 2),"£1.50with Nectar
£2.0057p / 100g",
vegan,Crosta & Mollica Piadina Organic Wholeblend Italian Flatbrea...,"£1.60with Nectar
£2.0067p / 100g",
vegan,Diet Coke 8 x 330ml,"£3.50with Nectar
£5.2520p / 100ml",
vegan,Sainsbury's Rainbow Salad Bowl 175g,£1.3577p / 100g,
vegan,Alpro Almond Milk No Sugars Long Life Dairy Alternative 1L,£2.10£2.10 / ltr,
vegan,Alpro Strawberry Banana Peach Pear Soya Plant Based Yoghurt ...,£2.5050p / 100g,
vegan,Alpro Plain No Sugars Soya Dairy Free Yoghurt Alternative 50...,£2.3046p / 100g,
vegan,Nestle Shreddies Original Cereal 630g,"£2.50with Nectar
£3.5056p / 100g",
bread,Hovis Soft Medium Sliced White Bread 800g,£1.3917p / 100g,
bread,Kingsmill Medium Sliced 50/50 Bread 800g,£1.3016p / 100g,
bread,Hovis Seed Sensations Seven Seeds Medium Sliced Seeded Bread...,£2.0025p / 100g,
bread,Warburtons Soft Farmhouse Thick Sliced White Bread 800g,£1.6020p / 100g,
bread,Sainsbury's Toastie Thick Sliced White Bread 800g,75p9p / 100g,
bread,Warburtons Toastie Thick Sliced White Bread 800g,£1.4018p / 100g,
bread,Sainsbury's Soft Multiseed Farmhouse Thick Sliced Wholemeal ...,£1.5019p / 100g,
bread,Sainsbury's Medium Sliced Wholemeal Bread 800g,75p9p / 100g,
bread,Sainsbury's Soft Medium Sliced White Bread 800g,74p9p / 100g,
bread,Warburtons Medium Sliced Wholemeal Bread 400g,99p25p / 100g,
bread,Sainsbury's Bake at Home White Baguettes x2,£1.2563p / ea,
bread,Jason's Sourdough The Great White Bread 450g,£2.0044p / 100g,
bread,Warburtons Thick Sliced Seeded Bread 800g,"£1.70with Nectar
£1.9024p / 100g",
bread,Sainsbury's Garlic Baguette x2 390g,£1.8046p / 100g,
bread,Jason's Sourdough White Ciabattin Bread 580g,£2.0034p / 100g,
bread,Warburtons Soft Sliced White Rolls x6,£1.2020p / ea,
bread,"Sainsbury's Sourdough Medium Sliced White Bread, Taste the D...",£1.9549p / 100g,
bread,Warburtons Soft Tiger Bloomer Bread 600g,£1.6528p / 100g,
bread,Hovis Medium Sliced Wholemeal Bread 800g,£1.4518p / 100g,
bread,Sainsbury's Crusty White Baguette,£1.35£1.35 / ea,
bread,Hovis Granary Medium Sliced Bread 800g,"£1.80with Nectar
£2.0526p / 100g",
bread,Jason's Sourdough Grains & Seeds Ciabatt Bread,£2.0034p / 100g,
bread,Warburtons Lighter Medium Sliced Danish White Bread 400g,£1.2531p / 100g,
bread,Warburtons Toastie Thick Sliced White Bread 400g,99p25p / 100g,
bread,Allinson's Batch Baked Scandalous Seeds Wholemeal Bread 650g,"£1.20with Nectar
£1.8028p / 100g",
bread,Warburtons Medium Sliced White Bread 800g,£1.4018p / 100g,
bread,Kingsmill Thick Sliced 50/50 Bread 800g,£1.3016p / 100g,
bread,"Sainsbury's Multiseed Loaf Bread, Taste Difference 800g",£1.6521p / 100g,
bread,"Sainsbury's Seeded Sourdough Loaf Bread, Taste the Differenc...",£1.9549p / 100g,
bread,Warburtons Medium Wholemeal Bread 800g,£1.3517p / 100g,
bread,Sainsbury's Thick Sliced Wholemeal Bread 800g,75p9p / 100g,
bread,Warburtons Soft Farmhouse Medium Sliced Bread 400g,£1.2531p / 100g,
bread,Kingsmill Soft Medium Sliced White Bread 800g,"£1.00with Nectar
£1.3016p / 100g",
bread,Warburtons Soft Sliced White Rolls x12,£1.9516p / ea,
bread,Sainsbury's Bake at Home White Petit Pains x6,£1.2521p / ea,
bread,"Sainsbury's Bake at Home Stonebaked White Baguettes, Taste t...",£1.8593p / ea,
bread,Sainsbury's White Cheese Topped Rolls 4 Pack,£1.2030p / ea,
bread,Hovis Thick Sliced Wholemeal Bread 800g,£1.4518p / 100g,
bread,Jason's Sourdough Superb Sprouted Grains Bread 450g,£2.0044p / 100g,
bread,Sainsbury's Thick Lightly Seeded Bread 800g,£1.0013p / 100g,
bread,"Sainsbury's Super Seeds White Farmhouse Bread, Taste the Dif...",£1.5019p / 100g,
bread,"Sainsbury's Wheat & Rye Sourdough Half Bloomer Bread, Taste ...",£1.9549p / 100g,
bread,Sainsbury's Garlic Baguette 195g,£1.0051p / 100g,
bread,"Sainsbury's 400g San Francisco Style Sourdough Bread, Taste ...",£2.1053p / 100g,
bread,Allinson's The Champion Medium Sliced Wholemeal Bread 650g,"£1.20with Nectar
£1.8028p / 100g",
bread,Warburtons Premium Old English White Bread 400g,"£1.50with Nectar
£1.8045p / 100g",
bread,Warburtons Danish Lighter Wholemeal Bread 400g,£1.2531p / 100g,
bread,Sainsbury's Garlic Baguette x2 338g,85p£2.51 / kg,
bread,"Sainsbury's 400g Sourdough Pave Bread, Taste the Difference",£2.1053p / 100g,
bread,Sainsbury's All Butter Croissants x4,£1.4536p / ea,
bread,Hovis Granary Thick Sliced Bread 400g,£1.3033p / 100g,
bread,Sainsbury's White Baton,80p80p / ea,
bread,Sainsbury's Thick Soft White Farmhouse Bread 800g,89p11p / 100g,
bread,"Sainsbury's 400g Kalamata Olive Bloomer Bread, Taste the Dif...",£2.1053p / 100g,
bread,Sainsbury's Giraffe Baguette,£1.35£1.35 / ea,
bread,Warburtons White Sandwich Thins x6,£1.5025p / ea,
bread,"Sainsbury's Tiger Loaf Bread, Taste the Difference 800g",£1.5019p / 100g,
bread,"Sainsbury's Bake at Home Stonebaked White Pave Rolls, Taste ...",£1.8546p / ea,
bread,Kingsmill Tasty Medium Wholemeal Bread 800g,£1.3016p / 100g,
bread-rolls-and-bagels,"New York Bakery Co. Bagels, Plain x5","£1.35with Nectar
£1.9038p / ea",
bread-rolls-and-bagels,Sainsbury's Brioche Burger Buns Rolls x4,£1.0927p / ea,
bread-rolls-and-bagels,Sainsbury's Plain Bagel x5,89p18p / ea,
bread-rolls-and-bagels,Warburtons Soft Sliced White Rolls x6,£1.2020p / ea,
bread-rolls-and-bagels,Warburtons Protein Thin Bagels x4,£1.7544p / ea,
bread-rolls-and-bagels,Warburtons Original Thin Bagels x6,"£1.40with Nectar
£1.7529p / ea",
bread-rolls-and-bagels,"New York Bakery Co. Bagels, Sesame x5","£1.35with Nectar
£1.9038p / ea",
bread-rolls-and-bagels,Stamford Street Co. White Rolls x4 300g,75p19p / ea,
bread-rolls-and-bagels,Sainsbury's White Jumbo Hot Dog Rolls x6,99p17p / ea,
bread-rolls-and-bagels,"Sainsbury's Brioche Burger Buns Rolls, Taste the Difference ...",£1.4536p / ea,
bread-rolls-and-bagels,Sainsbury's Stonebaked Ciabatta Rolls x4,£1.6040p / ea,
bread-rolls-and-bagels,Sainsbury's Large Soft White Rolls x4,£1.00£1.00 / ea,
bread-rolls-and-bagels,"New York Bakery Co. Bagels, Cinnamon & Raisin x5","£1.35with Nectar
£1.9038p / ea",
bread-rolls-and-bagels,Sainsbury's White Crusty Rolls x6,£1.0017p / ea,
bread-rolls-and-bagels,Sheldons White Oven Bottom Muffins Rolls x6,£1.5526p / ea,
bread-rolls-and-bagels,Warburtons Soft Sliced White Rolls x12,£1.9516p / ea,
bread-rolls-and-bagels,Warburtons Soft Sliced Wholemeal Rolls x6,£1.2020p / ea,
bread-rolls-and-bagels,Sainsbury's Large Soft White Rolls x6,£1.25£1.25 / ea,
bread-rolls-and-bagels,Sainsbury's White Cheese Topped Rolls 4 Pack,£1.2030p / ea,
bread-rolls-and-bagels,Sainsbury's Sesame Seed Brioche Burger Buns Rolls x4,£1.0927p / ea,
bread-rolls-and-bagels,Stamford Street Co. Wholemeal Rolls x4 300g,75p19p / ea,
bread-rolls-and-bagels,Fitzgeralds Family Bakery Deli Style Sourdough Bagels Pre-Sl...,£2.1042p / ea,
bread-rolls-and-bagels,St. Pierre Seeded Brioche Burger Buns Pre-Sliced Rolls x4,"£2.00with Nectar
£2.8571p / ea",
bread-rolls-and-bagels,Sainsbury's Panini x4,£1.5038p / ea,
bread-rolls-and-bagels,Crosta & Mollica Piadina Organic Wholeblend Italian Flatbrea...,"£1.60with Nectar
£2.0067p / 100g",
bread-rolls-and-bagels,"Sainsbury's Half Ciabatta, Taste the Difference x2",£2.20£1.10 / ea,
bread-rolls-and-bagels,Warburtons Sliced Original Bagels x5,£1.9038p / ea,
bread-rolls-and-bagels,Sainsbury's Brioche Hot Dog Rolls x6,£1.4925p / ea,
bread-rolls-and-bagels,Sainsbury's Large Oat Topped Wholemeal Deli Rolls x4,£1.1028p / ea,
bread-rolls-and-bagels,Sheldon's Burger Buns Rolls x6,£1.5526p / ea,
bread-rolls-and-bagels,"New York Bakery Co. Bagels, Wholemeal x5","£1.35with Nectar
£1.9038p / ea",
bread-rolls-and-bagels,New York Bakery Sliced Protein Boost NYC Bagels,£1.0020p / ea,
bread-rolls-and-bagels,New York Bakery Co. Onion & Chive Bagels x5,"£1.35with Nectar
£1.9038p / ea",
bread-rolls-and-bagels,Sheldon's Sliced Hot Dog Rolls x6,£1.5526p / ea,
bread-rolls-and-bagels,St. Pierre Brioche Buns Rolls x6,£2.8047p / ea,
bread-rolls-and-bagels,St Pierre Burger Buns Rolls x4,£2.5063p / ea,
bread-rolls-and-bagels,Warburtons Gluten Free Super Soft Sliced Square Rolls x4 240...,£2.9073p / ea,
bread-rolls-and-bagels,Sainsbury's Soft White Finger Rolls x6,£1.00£1.00 / ea,
bread-rolls-and-bagels,Sainsbury's Soft White Rolls x6,£1.00£1.00 / ea,
bread-rolls-and-bagels,"Sainsbury's Everything Seasoning Brioche Buns Rolls, Limited...",£1.5038p / ea,
bread-rolls-and-bagels,Fitzgeralds Everything Bagels x5,£2.1042p / ea,
bread-rolls-and-bagels,Warburtons Cinnamon & Raisin Thin Bagels x6,"£1.40with Nectar
£1.7529p / ea",
bread-rolls-and-bagels,Sheldons Large Brown Bap Rolls x4,£1.3033p / ea,
bread-rolls-and-bagels,"Sainsbury's 400g Stonebaked Ciabatta Bread, Taste the Differ...",£2.2556p / 100g,
bread-rolls-and-bagels,Warburtons Sliced Sesame Bagels x5,£1.9038p / ea,
bread-rolls-and-bagels,St. Pierre Chocolate Chip Brioche Swirls x6,"£2.20with Nectar
£2.5042p / ea",
bread-rolls-and-bagels,"Sainsbury's Brioche Hot Dog Rolls, Taste the Difference x4",£1.4536p / ea,
bread-rolls-and-bagels,Warburtons Sesame Thin Bagels x6,"£1.40with Nectar
£1.7529p / ea",
bread-rolls-and-bagels,Warburtons Sliced Cinnamon & Raisin Bagels x5,£1.9038p / ea,
bread-rolls-and-bagels,Sainsbury's Morning Rolls x6,£1.00£1.00 / ea,
bread-rolls-and-bagels,Fitzgeralds Family Bakery Deli Style Poppy Seed Bagels x5 42...,£2.1042p / ea,
bread-rolls-and-bagels,Sainsbury's Giraffe Round Rolls (Tiger) x4,£1.2030p / ea,
bread-rolls-and-bagels,"Sainsbury's Seeded Brioche Burger Buns Rolls, Limited Editio...",£1.4536p / ea,
bread-rolls-and-bagels,Sainsbury's White Sub Rolls x4,£1.5539p / ea,
bread-rolls-and-bagels,"Sainsbury's Ciabatta, Taste the Difference",£2.2081p / 100g,
bread-rolls-and-bagels,Schar Gluten Free White Ciabatta Rolls x4,£2.40£1.20 / 100g,
bread-rolls-and-bagels,Kingsmill Soft White Large Rolls x6,£1.2521p / ea,
bread-rolls-and-bagels,Warburtons Gluten Free Soft Sliced Brioche Rolls x4,"£2.50with Nectar
£2.9073p / ea",
bread-rolls-and-bagels,St. Pierre Brioche Swirls x6,"£2.20with Nectar
£2.5042p / ea",
bread-rolls-and-bagels,Sainsbury's Cheese & Herb Sub Rolls x4,£1.5539p / ea,
cakes-and-tarts,Mr Kipling French Fancies Cakes x8,"£2.00with Nectar
£3.0038p / ea",
cakes-and-tarts,Mr Kipling Mini Battenbergs Cakes x5,"£1.50with Nectar
£2.5050p / ea",
cakes-and-tarts,Mr Kipling Bramley Apple Pies x6,£3.0050p / ea,
cakes-and-tarts,Sainsbury's Egg Custard Tarts 4 x 81g,£1.5046p / 100g,
cakes-and-tarts,McVitie's Jaffa Cakes Original Biscuits x10,£1.50£1.36 / 100g,
cakes-and-tarts,Mr Kipling Vienesse Whirl Cakes x6,"£1.25with Nectar
£2.5042p / ea",
cakes-and-tarts,McVitie's Jaffa Cakes Original Twin Pack Biscuits x20,"£1.85with Nectar
£2.50£1.05 / 100g",
cakes-and-tarts,Sainsbury's Egg Custard Tarts 2x81g,£1.0062p / 100g,
cakes-and-tarts,Sainsbury's Chocolate Mini Rolls Cakes x10,£1.4915p / ea,
cakes-and-tarts,Mr Kipling Cherry Bakewell Tarts Cakes x6,"£1.75with Nectar
£3.0050p / ea",
cakes-and-tarts,Soreen Malt Lunchbox Loaf Bars x5,£1.8036p / ea,
cakes-and-tarts,Soreen Banana Lunchbox Loaf Bars x5,£1.8036p / ea,
cakes-and-tarts,Sainsbury's Belgian Chocolate Eclairs 2 x 55g,£2.00£1.82 / 100g,
cakes-and-tarts,Mr Kipling Angel Slices Cakes x6,"£1.50with Nectar
£2.7546p / ea",
cakes-and-tarts,"Sainsbury's Victoria Sponge Cake, Taste the Difference 345g","£2.50with Nectar
£3.75£10.87 / kg",
cakes-and-tarts,Cadbury Chocolate Mini Rolls Cakes x10,"£3.00with Nectar
£3.9540p / ea",
cakes-and-tarts,McVitie's Jaffa Cakes Original Triple Pack Biscuits x33,£3.7593p / 100g,
cakes-and-tarts,McVitie's Jaffa Cakes Original Biscuits Snack Pack 6x3 198g,£2.50£1.26 / 100g,
cakes-and-tarts,"Sainsbury's Chocolate Cake, Taste the Difference 395g","£2.50with Nectar
£3.75£9.49 / kg",
cakes-and-tarts,Mr Kipling Lemon Cake Slices x6,"£1.50with Nectar
£2.7546p / ea",
cakes-and-tarts,Soreen the Original Malt Loaf 260g,£1.60£6.15 / kg,
cakes-and-tarts,Sainsbury's Blueberry Muffins x4,£1.8045p / ea,
cakes-and-tarts,"Sainsbury's Coffee & Walnut Cake, Taste the Difference 400g","£2.50with Nectar
£3.75£9.38 / kg",
cakes-and-tarts,Stamford Street Co. Chocolate Chip Cake Bars 107g,75p15p / ea,
cakes-and-tarts,Soreen Sliced Malt Loaf 290g,£1.75£6.25 / kg,
cakes-and-tarts,Sainsbury's Belgian Chocolate Eclairs 4x34g,£2.25£1.65 / 100g,
cakes-and-tarts,"Sainsbury's Lemon Drizzle Cake, Taste the Difference 405g","£2.50with Nectar
£3.75£9.26 / kg",
cakes-and-tarts,Sainsbury's Chocolate Chip Muffins x4,£1.8045p / ea,
cakes-and-tarts,Mr Kipling Almond Cake Slices x6,"£1.50with Nectar
£2.7546p / ea",
cakes-and-tarts,Sainsbury's Flapjack Slices 5 x 32g,£1.2525p / ea,
cakes-and-tarts,Sainsbury's Bramley Apple Pies x6,£1.2922p / ea,
cakes-and-tarts,Mr Kipling Delicious & Light Bramley Apple Pies x6,"£1.75with Nectar
£3.0050p / ea",
cakes-and-tarts,Sainsbury's Apple Turnovers 2x77g,£2.00£1.35 / 100g,
cakes-and-tarts,Warburtons Potato Cakes x6,£1.0017p / ea,
cakes-and-tarts,Mrs Crimble's Gluten Free Choc Macaroons x6,"£1.25with Nectar
£1.8030p / ea",
cakes-and-tarts,"Sainsbury's Carrot Cake, Taste the Difference 395g","£2.50with Nectar
£3.75£9.49 / kg",
cakes-and-tarts,Sainsbury's Mini Flapjack Cake Bites x20,"£2.25with Nectar
£2.95£1.23 / 100g",
cakes-and-tarts,Sainsbury's Assorted Jam Tarts x6 185g,89p15p / ea,
cakes-and-tarts,Soreen Apple Lunchbox Loaf Bars x5,£1.8036p / ea,
cakes-and-tarts,Bonne Maman Madeleines Cakes 175g,£3.15£18.00 / kg,
cakes-and-tarts,Real Lancashire Eccles Cakes x4,£2.5063p / ea,
cakes-and-tarts,Sainsbury's Cherry Madeira Loaf Cake 268g,£1.23£4.59 / kg,
cakes-and-tarts,Mr Kipling Angel Cake Slices x8,£3.2541p / ea,
cakes-and-tarts,Sainsbury's Triple Chocolate Muffins x4,£1.8045p / ea,
cakes-and-tarts,Soreen Strawberry Lunchbox Loaf Bars x5,£1.8036p / ea,
cakes-and-tarts,Sainsbury's Brownie Cake Bites x20,"£2.25with Nectar
£2.95£1.64 / 100g",
cakes-and-tarts,Sainsbury's Angel Cake 250g,£1.29£5.16 / kg,
cakes-and-tarts,Mr Kipling Country Cake Slices x6,£2.7546p / ea,
cakes-and-tarts,Sainsbury's Millionaire Cake Bites x22,"£2.25with Nectar
£2.95£1.23 / 100g",
cakes-and-tarts,McVitie's Jamaica Ginger Cake 245g,£1.75£7.14 / kg,
cakes-and-tarts,Sainsbury's Genoa Loaf Cake 320g,£2.50£7.81 / kg,
cakes-and-tarts,Mr Kipling Bakewell Cake Slices X6,£2.7546p / ea,
cakes-and-tarts,Sainsbury's Walnut Loaf Cake 306g,£1.29£4.22 / kg,
cakes-and-tarts,Galaxy Cake Bar Multipack 5 x 28.8g,"£1.75with Nectar
£2.7555p / ea",
cakes-and-tarts,"Sainsbury's Raspberry Swiss Roll Cake, Taste the Difference ...",£1.75£6.53 / kg,
cakes-and-tarts,Tan Y Castell Welsh Cakes,99p17p / ea,
cakes-and-tarts,Sainsbury's Teacakes x6,£1.5025p / ea,
cakes-and-tarts,Cadbury Milk Chocolate Raspberry Mini Rolls Cakes x10,"£3.00with Nectar
£3.9540p / ea",
cakes-and-tarts,Sainsbury's Strawberry Jam & Cream Horns 98g,£2.00£2.04 / 100g,
cakes-and-tarts,Sainsbury's Madeira Loaf Cake 275g,£1.27£4.62 / kg,
croissants-and-breakfast-bakery,Nutella Chocolate & Hazelnut Bake at Home Croissants 4 x 85g,£4.50£1.32 / 100g,
croissants-and-breakfast-bakery,"New York Bakery Co. Bagels, Plain x5","£1.35with Nectar
£1.9038p / ea",
croissants-and-breakfast-bakery,Warburtons Crumpets x9,£1.1513p / ea,
croissants-and-breakfast-bakery,Sainsbury's Crumpets x6,45p8p / ea,
croissants-and-breakfast-bakery,Sainsbury's Brioche Burger Buns Rolls x4,£1.0927p / ea,
croissants-and-breakfast-bakery,Sainsbury's Pains Au Chocolat x6 270g,£1.6027p / ea,
croissants-and-breakfast-bakery,Warburtons Crumpets x6,79p13p / ea,
croissants-and-breakfast-bakery,"Sainsbury's Fruity Hot Cross Buns, Taste the Difference x4 2...",£1.8045p / ea,
croissants-and-breakfast-bakery,Sainsbury's Scotch Pancakes x6,48p8p / ea,
croissants-and-breakfast-bakery,Sainsbury's Croissants x6 240g,£1.6027p / ea,
croissants-and-breakfast-bakery,Warburtons Protein Thin Bagels x4,£1.7544p / ea,
croissants-and-breakfast-bakery,"Sainsbury's Butter Croissants, Taste the Difference x4",£2.4060p / ea,
croissants-and-breakfast-bakery,Warburtons Original Thin Bagels x6,"£1.40with Nectar
£1.7529p / ea",
croissants-and-breakfast-bakery,"New York Bakery Co. Bagels, Sesame x5","£1.35with Nectar
£1.9038p / ea",
croissants-and-breakfast-bakery,Warburtons Teacakes x4,£1.4035p / ea,
croissants-and-breakfast-bakery,Sainsbury's Milk Chocolate Chip Brioche Roll x8,£1.6521p / ea,
croissants-and-breakfast-bakery,"Sainsbury's Brioche Burger Buns Rolls, Taste the Difference ...",£1.4536p / ea,
croissants-and-breakfast-bakery,"New York Bakery Co. Bagels, Cinnamon & Raisin x5","£1.35with Nectar
£1.9038p / ea",
croissants-and-breakfast-bakery,Warburtons Crumpet Thins x8,"£1.00with Nectar
£1.4018p / ea",
croissants-and-breakfast-bakery,Sheldons White Oven Bottom Muffins Rolls x6,£1.5526p / ea,
croissants-and-breakfast-bakery,Sainsbury's Chocolate Filled Crepes x6,£2.0534p / ea,
croissants-and-breakfast-bakery,Sainsbury's Frozen All Butter Croissants x6 300g,"£2.90with Nectar
£3.30£1.10 / 100g",
croissants-and-breakfast-bakery,"Sainsbury's Sultana Scones, Taste the Difference x4",£2.0050p / ea,
croissants-and-breakfast-bakery,Sainsbury's White Muffins x6,£1.2521p / ea,
croissants-and-breakfast-bakery,Sainsbury's Sesame Seed Brioche Burger Buns Rolls x4,£1.0927p / ea,
croissants-and-breakfast-bakery,Sainsbury's Fruit Loaf 388g,£1.7545p / 100g,
croissants-and-breakfast-bakery,Sainsbury's Pains Au Chocolat x4,£2.0050p / ea,
croissants-and-breakfast-bakery,Soreen Malt Lunchbox Loaf Bars x5,£1.8036p / ea,
croissants-and-breakfast-bakery,Soreen Banana Lunchbox Loaf Bars x5,£1.8036p / ea,
croissants-and-breakfast-bakery,Waffle Amour Belgian Style Toasting Waffles x8,£1.9024p / ea,
croissants-and-breakfast-bakery,Fitzgeralds Family Bakery Deli Style Sourdough Bagels Pre-Sl...,£2.1042p / ea,
croissants-and-breakfast-bakery,Sainsbury's Croissants x8,£2.2528p / ea,
croissants-and-breakfast-bakery,St. Pierre Seeded Brioche Burger Buns Pre-Sliced Rolls x4,"£2.00with Nectar
£2.8571p / ea",
croissants-and-breakfast-bakery,Sainsbury's Butter Brioche Roll x8,£1.6521p / ea,
croissants-and-breakfast-bakery,Sainsbury's Frozen Pain Au Chocolat x6 360g,"£2.90with Nectar
£3.3092p / 100g",
croissants-and-breakfast-bakery,Warburtons Sliced Original Bagels x5,£1.9038p / ea,
croissants-and-breakfast-bakery,Sainsbury's Brioche Hot Dog Rolls x6,£1.4925p / ea,
croissants-and-breakfast-bakery,"Sainsbury's Luxury Sourdough Crumpets, Taste the Difference ...",£1.2521p / ea,
croissants-and-breakfast-bakery,Sainsbury's All Butter Croissants x4,£1.4536p / ea,
croissants-and-breakfast-bakery,Soreen the Original Malt Loaf 260g,£1.60£6.15 / kg,
croissants-and-breakfast-bakery,Sainsbury's Sweet Pancakes x6 375g,£2.4064p / 100g,
croissants-and-breakfast-bakery,Sheldon's Burger Buns Rolls x6,£1.5526p / ea,
croissants-and-breakfast-bakery,"Sainsbury's Bake at Home Stonebaked White Pave Rolls, Taste ...",£1.8546p / ea,
croissants-and-breakfast-bakery,"New York Bakery Co. Bagels, Wholemeal x5","£1.35with Nectar
£1.9038p / ea",
croissants-and-breakfast-bakery,Warburtons Cinnamon & Raisin Fruit Loaf 400g,£2.2055p / 100g,
croissants-and-breakfast-bakery,Soreen Sliced Malt Loaf 290g,£1.75£6.25 / kg,
croissants-and-breakfast-bakery,New York Bakery Co. Onion & Chive Bagels x5,"£1.35with Nectar
£1.9038p / ea",
croissants-and-breakfast-bakery,St Pierre Chocolate Filled Crepes x6,"£1.75with Nectar
£2.1536p / ea",
croissants-and-breakfast-bakery,Sainsbury’s All Butter Croissants x2,£1.7588p / ea,
croissants-and-breakfast-bakery,Brioche Pasquier Pains au Chocolat x6,£1.9032p / ea,
croissants-and-breakfast-bakery,St. Pierre Brioche Buns Rolls x6,£2.8047p / ea,
croissants-and-breakfast-bakery,Sainsbury's Sultana Scones x6,£1.7529p / ea,
croissants-and-breakfast-bakery,"Sainsbury's Buttermilk Pancakes, Taste the Difference x4",£1.7544p / ea,
croissants-and-breakfast-bakery,Warburtons Potato Cakes x6,£1.0017p / ea,
croissants-and-breakfast-bakery,Warburtons Toasting Muffins x4,"£1.00with Nectar
£1.2531p / ea",
croissants-and-breakfast-bakery,"Sainsbury's Almond Croissant, Taste the Difference x2",£2.40£1.20 / ea,
croissants-and-breakfast-bakery,Sainsbury's Buttermilk Pancakes x6 240g,£2.40£1.00 / 100g,
croissants-and-breakfast-bakery,Sainsbury's Danish Maple & Pecan Plait x2,£1.7588p / ea,
croissants-and-breakfast-bakery,Brioche Pasquier Pitch Chocolate x6,"£1.25with Nectar
£1.7529p / ea",
croissants-and-breakfast-bakery,Soreen Apple Lunchbox Loaf Bars x5,£1.8036p / ea,
freefrom-bread-and-cakes,Warburtons Gluten Free Super Soft Sliced Square Rolls x4 240...,£2.9073p / ea,
freefrom-bread-and-cakes,"Warburtons Tiger Artisan Bloomer, Gluten Free 400g",£3.5088p / 100g,
freefrom-bread-and-cakes,Schar Gluten Free Wholesome Seeded Loaf 300g,£2.9598p / 100g,
freefrom-bread-and-cakes,Warburtons Gluten Free White Soft Pittas x4,£3.0075p / ea,
freefrom-bread-and-cakes,Warburtons Gluten Free Multiseed Loaf 300g,£2.2073p / 100g,
freefrom-bread-and-cakes,Warburtons Gluten Free White Loaf 300g,£2.2073p / 100g,
freefrom-bread-and-cakes,Schar Gluten Free Crispbread 150g,£1.50£1.00 / 100g,
freefrom-bread-and-cakes,Warburtons Gluten Free White Bread Sourdough 400g,£3.5088p / 100g,
freefrom-bread-and-cakes,Genius Gluten Free Brioche Burger Buns x2,£1.9598p / ea,
freefrom-bread-and-cakes,Promise Gluten Free Wholesome Brown Loaf 480g,£3.6075p / 100g,
freefrom-bread-and-cakes,Warburtons Gluten Free White Wraps x4,£2.9073p / ea,
freefrom-bread-and-cakes,Schar Gluten Free White Ciabatta Rolls x4,£2.40£1.20 / 100g,
freefrom-bread-and-cakes,Sainsbury's Free From Cherry Bakewell Tarts x4,£2.3559p / ea,
freefrom-bread-and-cakes,Schär Wholesome Vitality Loaf 350g,£3.0086p / 100g,
freefrom-bread-and-cakes,Warburtons Gluten Free Soft Sliced Brioche Rolls x4,"£2.50with Nectar
£2.9073p / ea",
freefrom-bread-and-cakes,Warburtons Gluten Free Cinnamon & Raisin Sliced Fruity Buns ...,"£2.50with Nectar
£2.9073p / ea",
freefrom-bread-and-cakes,Sainsbury's Free From Chocolate Cake Bars x4,£3.4586p / ea,
freefrom-bread-and-cakes,Promise Gluten Free Handcrafted Sourdough Soft White Rolls 2...,£3.70£1.42 / 100g,
freefrom-bread-and-cakes,Warburtons Gluten Free Crumpets x4,£2.3559p / ea,
freefrom-bread-and-cakes,Promise Gluten Free Soft White Loaf 480g,£3.6075p / 100g,
freefrom-bread-and-cakes,Promise Gluten Free Plain Bagels 280g,£3.5088p / ea,
freefrom-bread-and-cakes,"Sainsbury's Free From Gluten Tiger Loaf, Taste the Differenc...",£3.1579p / 100g,
freefrom-bread-and-cakes,Warburtons Gluten Free Super Soft Seeded Sliced Rolls,"£2.50with Nectar
£2.9073p / ea",
freefrom-bread-and-cakes,"Sainsbury's Free From Tiger Rolls, Taste the Difference x4 2...",£2.8571p / ea,
freefrom-bread-and-cakes,Sainsbury's Free From Angel Cake Slices x4,£2.5063p / ea,
freefrom-bread-and-cakes,Schär Panini Rolls 150g,£1.9095p / ea,
freefrom-bread-and-cakes,Lazyday Rocky Road Slices x5 150g,£2.8056p / ea,
freefrom-bread-and-cakes,Sainsbury's Free From Assorted Jam Tarts x6,£2.3539p / ea,
freefrom-bread-and-cakes,Schär Madeleines 8x30g,"£2.50with Nectar
£3.1039p / ea",
freefrom-bread-and-cakes,Genius Deliciously Gluten Free Soft White Rolls x4,£2.1053p / ea,
freefrom-bread-and-cakes,Promise Gluten Free Handcrafted Sourdough Rustic White 400g,£4.15£1.04 / 100g,
freefrom-bread-and-cakes,Schär Marble Cake 250g,"£2.50with Nectar
£3.10£12.40 / kg",
freefrom-bread-and-cakes,BFree High Protein Wraps 4x42g,"£2.80with Nectar
£3.8095p / ea",
freefrom-bread-and-cakes,Mrs Crimble's Gluten Free Bakewell Slices x4 200g,£1.8045p / ea,
freefrom-bread-and-cakes,Sainsbury's Free From White Rolls x4,£1.7544p / ea,
freefrom-bread-and-cakes,Warburtons Gluten Free Seeded Tiger Bloomer 400g,"£3.30with Nectar
£3.5088p / 100g",
freefrom-bread-and-cakes,Warburtons Gluten Free Brown Soft Pittas x4,£3.0075p / ea,
freefrom-bread-and-cakes,Sainsbury's Free From Lemon Drizzle Loaf Cake 265g,£2.75£1.10 / 100g,
freefrom-bread-and-cakes,"Sainsbury's Free From Fruit Loaf, Taste the Difference 385g",£2.7571p / 100g,
freefrom-bread-and-cakes,"Sainsbury's Free From Seeded Sourdough Cob, Taste the Differ...",£3.3083p / 100g,
freefrom-bread-and-cakes,"Sainsbury's Free From Millionaire Slices, Taste the Differen...",£3.5088p / ea,
freefrom-bread-and-cakes,Gü Plant Chocolate & Vanilla Cheesecake Dessert 2 x 82g,£3.95£2.41 / 100g,
freefrom-bread-and-cakes,Schär Gluten Free Brioche Burger Buns 160g,£1.7588p / ea,
freefrom-bread-and-cakes,Sainsbury's Free From Seeded Rolls x4,£1.7544p / ea,
freefrom-bread-and-cakes,Mrs. Crimble's Gluten Free Jam Coconut Rings x6 240g,£2.0033p / ea,
freefrom-bread-and-cakes,Sainsbury's Free From Vanilla Cupcakes x2,£1.8593p / ea,
freefrom-bread-and-cakes,Sainsbury's Free From Chocolate Cake Slices x4,£2.5063p / ea,
freefrom-bread-and-cakes,Genius Deliciously Gluten Free Soft White Farmhouse 430g,£2.7564p / 100g,
freefrom-bread-and-cakes,"Sainsbury's Triple Chocolate Loaded Brownie Slices, Taste th...",£3.9599p / ea,
freefrom-bread-and-cakes,"Sainsbury's Free From All Butter Croissants, Taste the Diffe...",£2.75£1.96 / 100g,
freefrom-bread-and-cakes,Schar Balance of Both 475g,£2.9562p / 100g,
freefrom-bread-and-cakes,"Sainsbury's Free From Blueberry Muffins, Taste the Differenc...",£2.75£1.38 / ea,
freefrom-bread-and-cakes,Sainsbury's Free From Flapjack Bites 240g,£2.90£1.21 / 100g,
freefrom-bread-and-cakes,"Sainsbury's Free From Chocolate Muffins, Taste the Differenc...",£2.75£1.38 / ea,
freefrom-bread-and-cakes,Genius Deliciously Gluten Free Triple Chocolate Fudgy Browni...,£3.2581p / ea,
freefrom-bread-and-cakes,Sainsbury's Free From Sicilian Lemon & Raspberry Almond Slic...,£2.5063p / ea,
freefrom-bread-and-cakes,Lazy Day Foods Vegan & Free From Vanilla Cake 375g,£4.85£1.29 / 100g,
freefrom-bread-and-cakes,Schär Waffles 100g,£2.40£2.40 / 100g,
freefrom-bread-and-cakes,Mrs Crimble's Gluten Free Caramel Macaroons x6,"£1.25with Nectar
£1.8030p / ea",
freefrom-bread-and-cakes,Promise Gluten Free English Muffins 240g,£3.7594p / ea,
from-our-in-store-bakery,Sainsbury's Crusty White Baguette,£1.35£1.35 / ea,
from-our-in-store-bakery,"Sainsbury's Multiseed Loaf Bread, Taste Difference 800g",£1.6521p / 100g,
from-our-in-store-bakery,Sainsbury's Instore Bakery Jam Doughnuts x5,£1.3527p / ea,
from-our-in-store-bakery,"Sainsbury's Triple Belgian Chocolate Cookies, Taste the Diff...","£1.60with Nectar
£2.0050p / ea",
from-our-in-store-bakery,Sainsbury's White Crusty Rolls x6,£1.0017p / ea,
from-our-in-store-bakery,Sainsbury's White Cheese Topped Rolls 4 Pack,£1.2030p / ea,
from-our-in-store-bakery,"Sainsbury's 400g San Francisco Style Sourdough Bread, Taste ...",£2.1053p / 100g,
from-our-in-store-bakery,"Sainsbury's 400g Sourdough Pave Bread, Taste the Difference",£2.1053p / 100g,
from-our-in-store-bakery,Sainsbury's Milk Chocolate Cookies x5,£1.5030p / ea,
from-our-in-store-bakery,Sainsbury's White Baton,80p80p / ea,
from-our-in-store-bakery,"Sainsbury's 400g Kalamata Olive Bloomer Bread, Taste the Dif...",£2.1053p / 100g,
from-our-in-store-bakery,Sainsbury's Giraffe Baguette,£1.35£1.35 / ea,
from-our-in-store-bakery,Sainsbury's Blueberry Muffins x4,£1.8045p / ea,
from-our-in-store-bakery,"Sainsbury's Chewy Granola Slices, Taste Difference x4","£1.60with Nectar
£2.0050p / ea",
from-our-in-store-bakery,"Sainsbury's Bake at Home Stonebaked White Pave Rolls, Taste ...",£1.8546p / ea,
from-our-in-store-bakery,TTD Chunky Belgian Chocolate Shortbread (4pk),"£1.60with Nectar
£2.0050p / ea",
from-our-in-store-bakery,Sainsbury's Chocolate Chip Muffins x4,£1.8045p / ea,
from-our-in-store-bakery,Sainsbury's White Farmhouse Loaf Bread 800g,£1.6020p / 100g,
from-our-in-store-bakery,Sainsbury’s All Butter Croissants x2,£1.7588p / ea,
from-our-in-store-bakery,Sainsbury's White Iced Ring Doughnuts x4,99p25p / ea,
from-our-in-store-bakery,"Sainsbury's Multiseed Bread, Taste the Difference 400g",£1.3534p / 100g,
from-our-in-store-bakery,Sainsbury's Wholemeal Loaf Bread 400g,£1.3033p / 100g,
from-our-in-store-bakery,"Sainsbury's Almond Croissant, Taste the Difference x2",£2.40£1.20 / ea,
from-our-in-store-bakery,"Sainsbury’s Belgian Milk Chocolate Cookies, Taste the Differ...","£1.60with Nectar
£2.0050p / ea",
from-our-in-store-bakery,Sainsbury's Danish Maple & Pecan Plait x2,£1.7588p / ea,
from-our-in-store-bakery,Sainsbury's White Chocolate Cookies x5,£1.5030p / ea,
from-our-in-store-bakery,"Sainsbury's 400g Pain De Campagne Bread, Taste the Differenc...",£2.1053p / 100g,
from-our-in-store-bakery,"Sainsbury's 350g Rye Sourdough Bloomer Bread, Taste the Diff...",£2.35£2.35 / ea,
from-our-in-store-bakery,Sainsbury's Vanilla Doughnuts x5,£1.3527p / ea,
from-our-in-store-bakery,Sainsbury's Triple Chocolate Muffins x4,£1.8045p / ea,
from-our-in-store-bakery,Sainsbury's Vanilla Flavoured Danish Crown x2,£1.7588p / ea,
from-our-in-store-bakery,"Sainsbury's 400g Ancient Grain Pave Bread, Taste the Differe...",£2.2556p / 100g,
from-our-in-store-bakery,Sainsbury's Double Chocolate Cookies x5,£1.5030p / ea,
from-our-in-store-bakery,Sainsbury's Oatmeal & Raisin Cookies x5,£1.5030p / ea,
from-our-in-store-bakery,"Sainsbury’s 400g White Sourdough Bloomer Bread, Taste the Di...",£2.3559p / 100g,
from-our-in-store-bakery,Sainsbury's Danish Pastry Cinnamon Whirls x2,£1.7588p / ea,
from-our-in-store-bakery,"Sainsbury’s Salted Caramel & Belgian Milk Chocolate Cookies,...","£1.60with Nectar
£2.0050p / ea",
from-our-in-store-bakery,Sainsbury's Sugared Ring Doughnuts x5,£1.3527p / ea,
from-our-in-store-bakery,Sainsbury's Pain Aux Raisins x2,£1.7588p / ea,
from-our-in-store-bakery,"Sainsbury's 400g Seeded Sourdough Bloomer Bread, Taste the D...",£2.35£2.35 / ea,
from-our-in-store-bakery,Sainsbury's White Loaf Bread 400g,£1.3033p / 100g,
from-our-in-store-bakery,"Sainsbury's 400g Brown Sourdough Bloomer Bread, Taste the Di...",£2.1053p / 100g,
from-our-in-store-bakery,"Sainsbury's 400g Stonebaked Ciabatta Bread, Taste the Differ...",£2.2556p / 100g,
from-our-in-store-bakery,Sainsbury's Bakery Pink Iced Doughnuts x4,99p25p / ea,
from-our-in-store-bakery,Sainsbury's Pain Au Chocolat x2,£1.7588p / ea,
from-our-in-store-bakery,Sainsbury's Yum Yums x4,£1.7043p / ea,
from-our-in-store-bakery,Sainsbury’s Mini Chocolate Chip Muffins x12,£2.0017p / ea,
from-our-in-store-bakery,Sainsbury's Danish Pastry Raisin Whirls x2,£1.7588p / ea,
from-our-in-store-bakery,Sainsbury's Danish Pastry Bramley Apple Lattices x2,£1.7588p / ea,
from-our-in-store-bakery,Sainsbury's Giraffe Bloomer Bread 800g,£1.5519p / 100g,
from-our-in-store-bakery,Sainsbury's Bakery White Bloomer Bread 400g,£1.2030p / 100g,
from-our-in-store-bakery,"Sainsbury's 250g Rosemary & Sea Salt Focaccia Bread, Taste t...",£2.50£1.00 / 100g,
from-our-in-store-bakery,Sainsbury's Giraffe Round Rolls (Tiger) x4,£1.2030p / ea,
from-our-in-store-bakery,Sainsbury's Short Crust Mince Pies x4,£1.5038p / ea,
from-our-in-store-bakery,"Sainsbury's 400g Walnut Pave Bread, Taste the Difference",£2.35£2.35 / ea,
from-our-in-store-bakery,Sainsbury's Chocolate & Hazelnut Croissants x2,£1.7588p / ea,
from-our-in-store-bakery,Sainsbury's Cheese Baton,85p85p / ea,
from-our-in-store-bakery,Sainsbury's Apple Turnovers x2,£1.7588p / ea,
from-our-in-store-bakery,"Sainsbury's Stonebaked White Baton, Taste the Difference",£1.20£1.20 / ea,
from-our-in-store-bakery,Sainsbury’s Chocolate Iced Ring Doughnuts x4,99p25p / ea,
cooked-meats-olives-and-dips,Taste Inc. Protein Real Flamegrilled Chicken Breast Fillets ...,"£2.00with Nectar
£3.00£1.71 / 100g",
cooked-meats-olives-and-dips,Sainsbury's Houmous 200g,95p48p / 100g,
cooked-meats-olives-and-dips,"Sainsbury's Coleslaw, Taste the Difference 300g",£1.8562p / 100g,
cooked-meats-olives-and-dips,Fridge Raiders Slow Roasted Chicken Snack Bites 5x 22.5g,"£1.50with Nectar
£2.25£2.00 / 100g",
cooked-meats-olives-and-dips,Deli Express Roast Cooked British Beef Slices x5 130g,£3.25£2.50 / 100g,
cooked-meats-olives-and-dips,Premier Deli Corned Beef Slices x3 100g,£1.50£1.50 / 100g,
cooked-meats-olives-and-dips,Sainsbury's Roasted Red Pepper Houmous 200g,95p48p / 100g,
cooked-meats-olives-and-dips,"Sainsbury's Coleslaw, Taste the Difference 600g","£2.25with Nectar
£3.0050p / 100g",
cooked-meats-olives-and-dips,"Sainsbury's Classic Houmous, SO Organic 200g",£1.6583p / 100g,
cooked-meats-olives-and-dips,Sainsbury's Tzatziki 200g,£1.4070p / 100g,
cooked-meats-olives-and-dips,Premier Deli Corned Beef Slices x9 250g,£2.3694p / 100g,
cooked-meats-olives-and-dips,Sainsbury's Soured Cream & Chive Dip 200g,£1.4070p / 100g,
cooked-meats-olives-and-dips,Sainsbury's Guacamole 170g,"£1.00with Nectar
£1.4082p / 100g",
cooked-meats-olives-and-dips,Sainsbury's Creamy Classic Houmous 315g,£1.5048p / 100g,
cooked-meats-olives-and-dips,Sainsbury's Deli-Style Traditional Coleslaw 300g,£1.2542p / 100g,
cooked-meats-olives-and-dips,"Sainsbury's Houmous, So Organic 315g","£1.60with Nectar
£2.0063p / 100g",
cooked-meats-olives-and-dips,"Sainsbury's Coleslaw, Taste the Difference 180g",£1.3072p / 100g,
cooked-meats-olives-and-dips,Sainsbury's Mild Salsa 200g,£1.4070p / 100g,
cooked-meats-olives-and-dips,Sainsbury's Brussels Pate 170g,"£1.00with Nectar
£1.3076p / 100g",
cooked-meats-olives-and-dips,Sainsbury's British Wafer Thin Cooked Ham Slices 150g,"£1.50with Nectar
£1.80£1.20 / 100g",
cooked-meats-olives-and-dips,"Sainsbury's Mature Cheddar Coleslaw, Taste the Difference 30...","£1.75with Nectar
£2.2575p / 100g",
cooked-meats-olives-and-dips,Sainsbury's Caramelised Onion Houmous 200g,95p48p / 100g,
cooked-meats-olives-and-dips,"Sainsbury's Coleslaw, Be Good to Yourself 300g","90pwith Nectar
£1.2542p / 100g",
cooked-meats-olives-and-dips,Sainsbury's Crunchy Traditional Coleslaw 180g,£1.0056p / 100g,
cooked-meats-olives-and-dips,Sainsbury's Chorizo Ring Mild 225g,£2.50£1.11 / 100g,
cooked-meats-olives-and-dips,Sainsbury's Pitted Green Olives 120g,£1.60£1.33 / 100g,
cooked-meats-olives-and-dips,Sainsbury's Egg Mayo Deli Filler 220g,£1.4566p / 100g,
cooked-meats-olives-and-dips,Sainsbury's Four Bean Salad 250g,£1.8574p / 100g,
cooked-meats-olives-and-dips,"Sainsbury's Pasta, Spinach & Pinenut Salad 200g",£1.8593p / 100g,
cooked-meats-olives-and-dips,"Sainsbury's Giant Cous Cous & Feta Salad, Taste the Differen...",£3.25£1.48 / 100g,
cooked-meats-olives-and-dips,Vadasz Raw Kimchi 400g,"£3.50with Nectar
£4.50£1.13 / 100g",
cooked-meats-olives-and-dips,"Sainsbury's Charlotte Potato Salad, Taste the Difference 300...",£2.5083p / 100g,
cooked-meats-olives-and-dips,Sainsbury's Smoked Mackerel Pate 100g,"£1.30with Nectar
£1.50£1.50 / 100g",
cooked-meats-olives-and-dips,"Sainsbury's Moroccan Cous Cous, Taste the Difference 200g",£3.25£1.63 / 100g,
cooked-meats-olives-and-dips,Fridge Raiders Southern Style Chicken Snack Bites 5x 22.5g,"£1.50with Nectar
£2.25£2.00 / 100g",
cooked-meats-olives-and-dips,"Sainsbury's Extra Smooth Houmous, Taste the Difference 170g",£3.00£1.76 / 100g,
cooked-meats-olives-and-dips,Sainsbury's Pitted Black Olives 120g,£1.60£1.33 / 100g,
cooked-meats-olives-and-dips,Sainsbury's Sweet Chilli Houmous 200g,95p48p / 100g,
cooked-meats-olives-and-dips,Sainsbury's British Liver Sausage Slices x10 125g,£1.0080p / 100g,
cooked-meats-olives-and-dips,Sainsbury's Beetroot Salad 300g,£1.8562p / 100g,
cooked-meats-olives-and-dips,Sainsbury's Brussels Spreadable Pate 175g,£1.0057p / 100g,
cooked-meats-olives-and-dips,Sabra Houmous Extra 200g,"£2.00with Nectar
£2.50£1.25 / 100g",
cooked-meats-olives-and-dips,Fridge Raiders Slow Roasted Chicken Snack Bites 3x 22.5g,£1.70£2.52 / 100g,
cooked-meats-olives-and-dips,Sainsbury's Coronation Chicken Deli Filler 220g,£1.4566p / 100g,
cooked-meats-olives-and-dips,Moorish Smoked Humous 150g,"£1.45with Nectar
£1.95£1.30 / 100g",
cooked-meats-olives-and-dips,Sainsbury's Aromatic Moroccan Style Houmous 200g,95p48p / 100g,
cooked-meats-olives-and-dips,Sainsbury's Trio Of Spanish Olives 280g,"£3.25with Nectar
£4.50£1.61 / 100g",
cooked-meats-olives-and-dips,Finnebrogue Naked Deli Ham Slices x5 100g,£2.00£2.00 / 100g,
cooked-meats-olives-and-dips,"Sainsbury's Pesto & Parmesan Pasta, Taste The Difference 185...",£3.25£1.76 / 100g,
cooked-meats-olives-and-dips,Sainsbury's Ardennes Pate 170g,"£1.00with Nectar
£1.3076p / 100g",
cooked-meats-olives-and-dips,Sainsbury's Tuna & Sweetcorn Deli Filler 220g,£1.4566p / 100g,
cooked-meats-olives-and-dips,Sainsbury's Selection Tex-Mex Dips 400g,£3.2080p / 100g,
cooked-meats-olives-and-dips,Sainsbury's Rich Taramasalata 200g,£1.4070p / 100g,
cooked-meats-olives-and-dips,"Sainsbury's Houmous, Be Good To Yourself 200g",£1.4573p / 100g,
cooked-meats-olives-and-dips,Sainsbury's Cheddar Cheese & Chive Dip 200g,£1.4070p / 100g,
cooked-meats-olives-and-dips,Sainsbury's Cheese & Onion Deli Filler 220g,£1.2858p / 100g,
cooked-meats-olives-and-dips,Sainsbury's Onion & Garlic Dip 200g,£1.4070p / 100g,
cooked-meats-olives-and-dips,"Sainsbury's Feta Dip with Mint Oil, Taste the Difference 170...",£3.00£1.76 / 100g,
cooked-meats-olives-and-dips,Sainsbury's Irish Corned Beef 175g,£2.90£1.66 / 100g,
dairy-and-chilled-essentials,Actimel Strawberry Cultured Yogurt Drink 12x100g,£4.5038p / 100g,
dairy-and-chilled-essentials,GetPro 18g Chocolate & Hazelnut High Protein Pudding 180g,£1.85£1.03 / 100g,
dairy-and-chilled-essentials,Actimel Multifruit Cultured Yogurt Drink 12x100g,£4.5038p / 100g,
dairy-and-chilled-essentials,Sainsbury's Grated Mozzarella Cheese 250g,£2.55£10.20 / kg,
dairy-and-chilled-essentials,Sainsbury's British Mature Grated Cheddar Cheese 250g,£2.55£10.20 / kg,
dairy-and-chilled-essentials,Sainsbury's British Semi Skimmed Milk 2.27L (4 pint),£1.6573p / ltr,
dairy-and-chilled-essentials,Sainsbury's British Free Range Eggs Large x12,£3.2527p / ea,
dairy-and-chilled-essentials,Sainsbury's British Semi Skimmed Milk 1.13L (2 pint),£1.20£1.06 / ltr,
dairy-and-chilled-essentials,"Sainsbury's British Butter, Salted 250g",£1.99£7.96 / kg,
dairy-and-chilled-essentials,Sainsbury's British Free Range Eggs Medium x12,£2.8023p / ea,
dairy-and-chilled-essentials,Sainsbury's British Whole Milk 2.27L (4 pint),£1.6573p / ltr,
dairy-and-chilled-essentials,Sainsbury's British Free Range Eggs Large x6,£2.0033p / ea,
dairy-and-chilled-essentials,Sainsbury's British Free Range Eggs Medium x6,£1.7529p / ea,
dairy-and-chilled-essentials,"Sainsbury's British Butter, Unsalted 250g",£1.99£7.96 / kg,
dairy-and-chilled-essentials,Sainsbury's British Mature Cheddar Cheese 400g,£3.25£8.13 / kg,
dairy-and-chilled-essentials,Sainsbury's Greek Style Natural Yogurt 500g,£1.1022p / 100g,
dairy-and-chilled-essentials,Sainsbury's Greek Feta Cheese 200g,£2.10£10.50 / kg,
dairy-and-chilled-essentials,Sainsbury's British Skimmed Milk 2.27L (4 pint),£1.6573p / ltr,
dairy-and-chilled-essentials,Sainsbury's Houmous 200g,95p48p / 100g,
dairy-and-chilled-essentials,Cravendale Filtered Fresh Semi Skimmed Milk 2L Fresher for L...,£2.90£1.45 / ltr,
dairy-and-chilled-essentials,Sainsbury's Free Range British Eggs Medium x15,"£2.95with Nectar
£3.3522p / ea",
dairy-and-chilled-essentials,Sainsbury's British Semi Skimmed Milk 3.4L (6 pint),£2.4070p / ltr,
dairy-and-chilled-essentials,Sainsbury's Cypriot Halloumi Cheese 225g,£2.09£9.29 / kg,
dairy-and-chilled-essentials,Sainsbury's British Whole Milk 1.13L (2 pint),£1.20£1.06 / ltr,
dairy-and-chilled-essentials,Cathedral City Mature Cheddar Cheese 350g,"£3.35with Nectar
£3.75£10.71 / kg",
dairy-and-chilled-essentials,Sainsbury's Double Cream 300ml,£1.4950p / 100ml,
dairy-and-chilled-essentials,Sainsbury's British Skimmed Milk 1.13L (2 pint),£1.20£1.06 / ltr,
dairy-and-chilled-essentials,Sainsbury's British Extra Mature Cheddar Cheese 400g,£3.25£8.13 / kg,
dairy-and-chilled-essentials,"Sainsbury's British Semi Skimmed Milk, SO Organic 2.27L (4 p...",£2.2599p / ltr,
dairy-and-chilled-essentials,Stamford Street Co. Mature Cheddar Cheese 600g,£3.85£6.42 / kg,
dairy-and-chilled-essentials,Sainsbury's Parmigiano Reggiano Cheese 200g,£3.90£19.50 / kg,
dairy-and-chilled-essentials,Sainsbury's British Filtered Semi Skimmed Milk 2L,£2.10£1.05 / ltr,
dairy-and-chilled-essentials,Sainsbury's Garlic Baguette x2 390g,£1.8046p / 100g,
dairy-and-chilled-essentials,"Frubes Kids Strawberry, Red Berry & Peach Yoghurt Tubes 9x37...","£1.50with Nectar
£2.2568p / 100g",
dairy-and-chilled-essentials,Sainsbury's Mozzarella Cheese 150g,£1.50£10.00 / kg,
dairy-and-chilled-essentials,Sainsbury's Everyday Lactose Free Semi Skimmed Dairy Drink 1...,£1.35£1.35 / ltr,
dairy-and-chilled-essentials,Stamford Street Co. Mature Cheddar Cheese 900g,£4.99£5.54 / kg,
dairy-and-chilled-essentials,Philadelphia Original Soft Cream Cheese 165g,£2.25£13.64 / kg,
dairy-and-chilled-essentials,Pizza Express Margherita Pizza 245g,"£2.75with Nectar
£5.50£22.45 / kg",
dairy-and-chilled-essentials,Sainsbury's Roasted Red Pepper Houmous 200g,95p48p / 100g,
dairy-and-chilled-essentials,Cravendale Filtered Fresh Semi Skimmed Milk Fresher for Long...,"£1.40with Nectar
£1.75£1.75 / ltr",
dairy-and-chilled-essentials,Sainsbury's British Crème Fraîche 300ml,99p33p / 100ml,
dairy-and-chilled-essentials,Sainsbury's Free Range Fresh Egg Noodles 410g,£1.50£3.66 / kg,
dairy-and-chilled-essentials,Stamford Street Co. Grated Cheddar 500g,£2.99£5.98 / kg,
dairy-and-chilled-essentials,Sainsbury's British Lighter Crème Fraîche 300ml,85p28p / 100ml,
dairy-and-chilled-essentials,Sainsbury's Spinach & Ricotta Tortelloni 300g,"£1.50with Nectar
£2.00£6.67 / kg",
dairy-and-chilled-essentials,Sainsbury's British Mature Cheddar Cheese Slices 240g,£2.80£11.67 / kg,
dairy-and-chilled-essentials,Sainsbury's Double Cream 600ml,£2.9048p / 100ml,
dairy-and-chilled-essentials,Sainsbury's British Mild Cheddar Cheese 400g,£3.25£8.13 / kg,
dairy-and-chilled-essentials,Sainsbury's Quiche Lorraine 400g,£1.9950p / 100g,
dairy-and-chilled-essentials,FAGE Total 0% Natural Fat Free Greek Recipe Strained Yogurt ...,"£3.00with Nectar
£3.5078p / 100g",
dairy-and-chilled-essentials,Sainsbury's Buttersoft Spreadable 500g,£2.18£4.36 / kg,
dairy-and-chilled-essentials,Sainsbury's Soured Cream & Chive Dip 200g,£1.4070p / 100g,
dairy-and-chilled-essentials,Cathedral City Mature Cheddar Cheese 550g,£5.40£9.82 / kg,
dairy-and-chilled-essentials,Sainsbury's Stonebaked Margherita Pizza 265g,£3.75£14.15 / kg,
dairy-and-chilled-essentials,Sainsbury's British Free Range Eggs Extra Large x6,£2.3539p / ea,
dairy-and-chilled-essentials,Activia Rhubarb Yogurt 4x115g,£2.5054p / 100g,
dairy-and-chilled-essentials,"Sainsbury's Garlic Flatbread, Taste the Difference 195g","£2.00with Nectar
£3.00£1.54 / 100g",
dairy-and-chilled-essentials,"Innocent Kids Strawberries, Raspberries & Apples Smoothies 4...","£2.00with Nectar
£3.6060p / 100ml",
dairy-and-chilled-essentials,Sainsbury's Stonebaked Pepperoni Pizza 270g,£3.75£13.89 / kg,
dairy-and-eggs,Flora Buttery Spread Alternative To Butter 450g,"£1.75with Nectar
£2.65£5.89 / kg",
dairy-and-eggs,Muller Corner Originals Apple Crumble Yogurt 4x124g,"£2.00with Nectar
£3.0060p / 100g",
dairy-and-eggs,Danone Strawberry Skyr Icelandic Style Yoghurt 270g,"£1.00with Nectar
£1.5056p / 100ml",
dairy-and-eggs,Sainsbury's British Semi Skimmed Milk 2.27L (4 pint),£1.6573p / ltr,
dairy-and-eggs,Sainsbury's British Free Range Eggs Large x12,£3.2527p / ea,
dairy-and-eggs,Sainsbury's British Semi Skimmed Milk 1.13L (2 pint),£1.20£1.06 / ltr,
dairy-and-eggs,"Sainsbury's British Butter, Salted 250g",£1.99£7.96 / kg,
dairy-and-eggs,Sainsbury's British Free Range Eggs Medium x12,£2.8023p / ea,
dairy-and-eggs,Sainsbury's British Whole Milk 2.27L (4 pint),£1.6573p / ltr,
dairy-and-eggs,Stamford Street Co. Mixed Size British Eggs Free Range x10 4...,£1.6416p / ea,
dairy-and-eggs,Sainsbury's British Free Range Eggs Large x6,£2.0033p / ea,
dairy-and-eggs,Sainsbury's British Free Range Eggs Medium x6,£1.7529p / ea,
dairy-and-eggs,"Sainsbury's British Butter, Unsalted 250g",£1.99£7.96 / kg,
dairy-and-eggs,Sainsbury's British Mature Cheddar Cheese 400g,£3.25£8.13 / kg,
dairy-and-eggs,Sainsbury's Greek Style Natural Yogurt 500g,£1.1022p / 100g,
dairy-and-eggs,Lurpak Slightly Salted Spreadable Blend of Butter & Rapeseed...,"£3.50with Nectar
£4.75£11.88 / kg",
dairy-and-eggs,Sainsbury's Greek Feta Cheese 200g,£2.10£10.50 / kg,
dairy-and-eggs,Sainsbury's Greek Style Natural Yogurt 1kg,£1.9520p / 100g,
dairy-and-eggs,Sainsbury's British Skimmed Milk 2.27L (4 pint),£1.6573p / ltr,
dairy-and-eggs,Cravendale Filtered Fresh Semi Skimmed Milk 2L Fresher for L...,£2.90£1.45 / ltr,
dairy-and-eggs,Sainsbury's Free Range British Eggs Medium x15,"£2.95with Nectar
£3.3522p / ea",
dairy-and-eggs,Sainsbury's British Semi Skimmed Milk 3.4L (6 pint),£2.4070p / ltr,
dairy-and-eggs,Sainsbury's Cypriot Halloumi Cheese 225g,£2.09£9.29 / kg,
dairy-and-eggs,Sainsbury's British Whole Milk 1.13L (2 pint),£1.20£1.06 / ltr,
dairy-and-eggs,Cathedral City Mature Cheddar Cheese 350g,"£3.35with Nectar
£3.75£10.71 / kg",
dairy-and-eggs,Sainsbury's Double Cream 300ml,£1.4950p / 100ml,
dairy-and-eggs,Sainsbury's British Skimmed Milk 1.13L (2 pint),£1.20£1.06 / ltr,
dairy-and-eggs,Sainsbury's British Extra Mature Cheddar Cheese 400g,£3.25£8.13 / kg,
dairy-and-eggs,"Sainsbury's British Semi Skimmed Milk, SO Organic 2.27L (4 p...",£2.2599p / ltr,
dairy-and-eggs,"Sainsbury's Authentic Greek Yogurt, Taste the Difference 500...",£2.3046p / 100g,
dairy-and-eggs,Stamford Street Co. Mature Cheddar Cheese 600g,£3.85£6.42 / kg,
dairy-and-eggs,Sainsbury's British Mature Grated Cheddar Cheese 250g,£2.55£10.20 / kg,
dairy-and-eggs,Stamford Street Co. Mozzarella Cheese Ball 125g,69p£5.52 / kg,
dairy-and-eggs,Sainsbury's British Semi Skimmed Milk 1 Pint,85p£1.50 / ltr,
dairy-and-eggs,Sainsbury's British Medium Cheddar Cheese 400g,£3.25£8.13 / kg,
dairy-and-eggs,Sainsbury's Grated Mozzarella Cheese 250g,£2.55£10.20 / kg,
dairy-and-eggs,Sainsbury's Parmigiano Reggiano Cheese 200g,£3.90£19.50 / kg,
dairy-and-eggs,Sainsbury's British Filtered Semi Skimmed Milk 2L,£2.10£1.05 / ltr,
dairy-and-eggs,"Frubes Kids Strawberry, Red Berry & Peach Yoghurt Tubes 9x37...","£1.50with Nectar
£2.2568p / 100g",
dairy-and-eggs,Sainsbury's Soured Cream 300ml,99p33p / 100ml,
dairy-and-eggs,Sainsbury's Greek Style Fat Free Natural Yogurt 500g,£1.1022p / 100g,
dairy-and-eggs,"Wildlife Choobs Kids Strawberry, Raspberry & Apricot Yoghurt...",£1.2054p / 100g,
dairy-and-eggs,FAGE Total 0% Fat Natural Fat Free Greek Recipe Strained Yog...,£5.5558p / 100g,
dairy-and-eggs,Sainsbury's Mozzarella Cheese 150g,£1.50£10.00 / kg,
dairy-and-eggs,Sainsbury's Everyday Lactose Free Semi Skimmed Dairy Drink 1...,£1.35£1.35 / ltr,
dairy-and-eggs,"Sainsbury's Cottage Cheese, Fat Free 300g",£1.60£5.33 / kg,
dairy-and-eggs,FAGE Total 5% Fat Natural Greek Recipe Strained Yoghurt 950g,£5.5558p / 100g,
dairy-and-eggs,Stamford Street Co. Mature Cheddar Cheese 900g,£4.99£5.54 / kg,
dairy-and-eggs,Oatly Oat Drink Barista Edition Long Life 1L,£2.20£2.20 / ltr,
dairy-and-eggs,Sainsbury's British Whole Milk 3.4L (6 pint),£2.4070p / ltr,
dairy-and-eggs,Philadelphia Original Soft Cream Cheese 165g,£2.25£13.64 / kg,
dairy-and-eggs,Stamford Street Co. Soft Cheese 200g,95p£4.75 / kg,
dairy-and-eggs,Sainsbury's Cottage Cheese 300g,£1.60£5.33 / kg,
dairy-and-eggs,Cravendale Filtered Fresh Semi Skimmed Milk Fresher for Long...,"£1.40with Nectar
£1.75£1.75 / ltr",
dairy-and-eggs,Sainsbury's British Crème Fraîche 300ml,99p33p / 100ml,
dairy-and-eggs,Lurpak Lighter Spreadable Blend of Slightly Salted Butter & ...,"£3.50with Nectar
£4.75£11.88 / kg",
dairy-and-eggs,Sainsbury's Sheet Puff Pastry x1 320g,£1.30£4.06 / kg,
dairy-and-eggs,Anchor Salted Butter 200g,"£1.85with Nectar
£2.60£13.00 / kg",
dairy-and-eggs,Strings & Things Cheestrings Cheese Snack x8 160g,£2.49£15.56 / kg,
dairy-and-eggs,Stamford Street Co. Grated Cheddar 500g,£2.99£5.98 / kg,
desserts,Muller Corner Originals Apple Crumble Yogurt 4x124g,"£2.00with Nectar
£3.0060p / 100g",
desserts,Cadbury Dairy Milk Buttons Dessert 75g,"80pwith Nectar
£1.25£1.67 / 100g",
desserts,Muller Myprotein Chocolate High Protein Pudding 200g,"£1.25with Nectar
£1.7588p / 100g",
desserts,Sainsbury's Fresh Soured Cream 150ml,85p57p / 100ml,
desserts,Sainsbury's Egg Custard Tarts 4 x 81g,£1.5046p / 100g,
desserts,Sainsbury's Chocolate Mousse 6 x 60g,95p26p / 100g,
desserts,Sainsbury's Raspberry Trifles 2 x 125g,£1.5060p / 100g,
desserts,Sainsbury's Strawberry Trifles 2 x 125g,£1.5060p / 100g,
desserts,Sainsbury's Egg Custard Tarts 2x81g,£1.0062p / 100g,
desserts,Sainsbury's Tiramisù Desserts x2 85g,"£1.50with Nectar
£2.10£1.24 / 100g",
desserts,Rachel's Organic Divine Rice Puddings 2x150g,"£1.50with Nectar
£2.2575p / 100g",
desserts,Cadbury Flake Chocolate Dessert 75g,"80pwith Nectar
£1.25£1.67 / 100g",
desserts,Müller Rice Vanilla Custard Low Fat Pudding Dessert 170g,90p53p / 100g,
desserts,Sainsbury's Belgian Chocolate Eclairs 2 x 55g,£2.00£1.82 / 100g,
desserts,Rolo Delicious Milk Chocolate & Toffee Dessert 2 x 65g,"£1.00with Nectar
£2.00£1.54 / 100g",
desserts,Müller Rice Strawberry Low Fat Pudding Dessert 170g,90p53p / 100g,
desserts,Aero Milk Chocolate Mousse 4 x 59g,"£1.50with Nectar
£2.0085p / 100g",
desserts,Crème Caramel Milk Desserts with Caramel Sauce 4x100g,£1.2531p / 100g,
desserts,Sainsbury's Sweet Pancakes x6 375g,£2.4064p / 100g,
desserts,Muller Rice Original Low Fat Pudding Dessert 170g,90p53p / 100g,
desserts,Bonne Maman Chocolate Mousse Dessert 2x70g,"£1.50with Nectar
£2.20£1.57 / 100g",
desserts,Sainsbury's Raspberry Trifle Dessert 600g,"£3.00with Nectar
£3.3055p / 100g",
desserts,Sainsbury's Strawberry Jam & Cream Doughnuts 2x63g,£2.00£1.59 / 100g,
desserts,Sainsbury's Belgian Chocolate Eclairs 4x34g,£2.25£1.65 / 100g,
desserts,Sainsbury's Caramel Panna Cotta 2x120g,"£1.50with Nectar
£2.2594p / 100g",
desserts,Sainsbury's British Extra Thick Double Fresh Cream 300ml,£1.9063p / 100ml,
desserts,Elmlea Single Alternative To Cream 270ml,£1.4052p / 100ml,
desserts,Sainsbury's Strawberry Trifle Dessert 600g,£3.3055p / 100g,
desserts,Sainsbury's Apple Turnovers 2x77g,£2.00£1.35 / 100g,
desserts,Elmlea Double Light Alternative to Cream 270ml,£1.4052p / 100ml,
desserts,Bonne Maman Creme Caramel Dessert 4x100g,£3.2080p / 100g,
desserts,Sainsbury's Buttermilk Pancakes x6 240g,£2.40£1.00 / 100g,
desserts,Muller Rice Apple & Raspberry Low Fat Pudding Dessert 6x170g,£4.0039p / 100g,
desserts,Milkybar Smooth & Creamy White Chocolate Dessert 2 x 65g,"£1.00with Nectar
£2.00£1.43 / 100g",
desserts,Cadbury Dairy Milk Layers of Joy Chocolate Trifle 2x90,£2.00£1.11 / 100g,
desserts,Arla Lactofree Cream 250ml,£1.4558p / 100ml,
desserts,Sainsbury's Triple Chocolate Sundae 125,"£1.15with Nectar
£1.35£1.08 / 100g",
desserts,Muller Myprotein Chocolate High Protein Mousse Dessert 200g,"£1.50with Nectar
£1.9598p / 100g",
desserts,Cadbury Crunchie Chocolate Dessert 75g,"80pwith Nectar
£1.25£1.67 / 100g",
desserts,Bonne Maman Strawberry Mousse Dessert 2x70g,"£1.50with Nectar
£2.20£1.57 / 100g",
desserts,Bonne Maman Salted Caramel Creme Dessert 2x90g,"£1.50with Nectar
£2.20£1.22 / 100g",
desserts,Sainsbury's Tiramisu Italian Dessert 500g,£3.3066p / 100g,
desserts,Sainsbury's Summer Peach & Raspberry Trifle 600g,"£3.00with Nectar
£3.3055p / 100g",
desserts,Sainsbury's Belgian Chocolate Choux Buns 2x68g,£2.00£1.47 / 100g,
desserts,Yeo Valley Organic Half Fat Crème Fraiche 200g,£1.6080p / 100g,
desserts,Cadbury Dairy Milk Buttons & Chunks Chocolate Desserts 4x75g,£3.75£1.25 / 100g,
desserts,"Sainsbury's Lemon, Passion Fruit & Yuzu Possets, Taste the D...",£4.35£2.36 / 100g,
desserts,"Sainsbury's Lemon & Raspberry Cheesecake Slices, Taste the D...",£3.50£1.94 / 100g,
desserts,Sainsbury's Strawberry Jam & Cream Horns 98g,£2.00£2.04 / 100g,
desserts,"Sainsbury's Sticky Toffee Pudding, Taste the Difference 200g",£3.50£1.75 / 100g,
desserts,Bonne Maman Clementine & Lemon Mousse Dessert 2x70g,"£1.50with Nectar
£2.20£1.57 / 100g",
desserts,Sainsbury's Fresh Custard Slices x2 180g,£1.85£1.03 / 100g,
desserts,Muller Corner Originals Mississippi Mud Pie Yogurt 4x124g,"£2.00with Nectar
£3.0060p / 100g",
desserts,Sainsbury's British Whipping Fresh Cream 300ml,£1.6555p / 100ml,
desserts,Sainsbury's Cream Slices 2x58g,£1.85£1.59 / 100g,
desserts,"Sainsbury's Chocolate Melting Puddings, Taste the Difference...",£3.50£1.13 / 100g,
desserts,Stamford Street Co. Apple Pie 550g,£1.9035p / 100g,
desserts,Sainsbury's Syrup Sponge Puddings 2 x 105g,£2.75£1.31 / 100g,
desserts,Carnation Sweetened Condensed Milk Tin 397g,£1.7544p / 100g,
desserts,Sainsbury's Strawberry Cheesecake 3x100g,£2.5083p / 100g,
fruit-juice-and-drinks,Unrooted Good Energy Mighty Ginger & Chilli Shot 60ml,£2.00£3.33 / 100ml,
fruit-juice-and-drinks,Rubicon Sparkling Mango Juice Soft Drink 6x330ml,"£2.75with Nectar
£3.8519p / 100ml",
fruit-juice-and-drinks,Ufc Refresh Coconut Water 1L,"£2.20with Nectar
£2.8028p / 100ml",
fruit-juice-and-drinks,Sainsbury's Smooth Pure Orange Juice 1L,£1.4515p / 100ml,
fruit-juice-and-drinks,Sainsbury's Pure Apple Juice 1L,99p10p / 100ml,
fruit-juice-and-drinks,"Sainsbury's 100% Pure Squeezed Smooth Orange Juice, Not From...",£2.2523p / 100ml,
fruit-juice-and-drinks,"Sainsbury's 100% Pressed Apple Juice, Not From Concentrate 1...",£2.2523p / 100ml,
fruit-juice-and-drinks,"Innocent Kids Strawberries, Raspberries & Apples Smoothies 4...","£2.00with Nectar
£3.6060p / 100ml",
fruit-juice-and-drinks,Tropicana Pure Smooth Orange Fruit Juice 1.5L,"£3.50with Nectar
£4.5030p / 100ml",
fruit-juice-and-drinks,"Sainsbury's 100% Apple Juice, Not From Concentrate 1.75L",£3.4019p / 100ml,
fruit-juice-and-drinks,"Innocent Kids Oranges, Mangoes & Pineapples Smoothies 4x150m...","£2.00with Nectar
£3.6060p / 100ml",
fruit-juice-and-drinks,"Sainsbury's 100% Pure Squeezed Orange Juice with Bits, Not F...",£2.2523p / 100ml,
fruit-juice-and-drinks,Biotiful Gut Health Kefir Milk Drink Original 1L,£3.5035p / 100ml,
fruit-juice-and-drinks,Tropicana Pure Smooth Orange Fruit Juice 900ml,£3.2536p / 100ml,
fruit-juice-and-drinks,"Sainsbury's Freshly Squeezed Orange Juice with Bits, Taste t...",£3.4034p / 100ml,
fruit-juice-and-drinks,"Sainsbury's 100% Pure Squeezed Pineapple Juice, Not From Con...",£2.2523p / 100ml,
fruit-juice-and-drinks,"Sainsbury's Freshly Squeezed Smooth Orange Juice, Taste the ...",£3.4034p / 100ml,
fruit-juice-and-drinks,Happy Monkey Strawberry & Banana Kids Smoothie 4x180ml,£2.4033p / 100ml,
fruit-juice-and-drinks,Innocent Pure Orange Juice Smooth 900ml,"£2.50with Nectar
£3.2036p / 100ml",
fruit-juice-and-drinks,"Innocent Kids Peaches, Passion Fruits & Oranges Smoothies 4 ...","£2.00with Nectar
£3.6060p / 100ml",
fruit-juice-and-drinks,"Sainsbury's Apple & Mango Juice, Not From Concentrate 1L",£2.2523p / 100ml,
fruit-juice-and-drinks,Innocent Pure Orange Juice Smooth 1.35L,£4.4033p / 100ml,
fruit-juice-and-drinks,Sainsbury's Mango & Passionfruit Smoothie 750ml,£1.9526p / 100ml,
fruit-juice-and-drinks,Innocent Pure Orange Juice Smooth 1.75L,"£3.50with Nectar
£4.9028p / 100ml",
fruit-juice-and-drinks,"Sainsbury's 100% Pure Squeezed Pink Grapefruit Juice, Not Fr...",£2.2523p / 100ml,
fruit-juice-and-drinks,Happy Monkey Chocolate Milkshakes 3x200ml,"£1.00with Nectar
£1.2020p / 100ml",
fruit-juice-and-drinks,Innocent Kids Apples & Blackcurrants Smoothies 4 x 150ml,"£2.00with Nectar
£3.6060p / 100ml",
fruit-juice-and-drinks,"Innocent Kids Cherries, Strawberries & Apples Smoothies 4 x ...","£2.00with Nectar
£3.6060p / 100ml",
fruit-juice-and-drinks,"Sainsbury's Apple & Pear Juice, Not From Concentrate 1L",£2.2523p / 100ml,
fruit-juice-and-drinks,Biotiful Gut Health Kefir Milk Drink Original 500ml,£2.6052p / 100ml,
fruit-juice-and-drinks,Copella Cloudy Apple Fruit Juice 1.35L,£3.7528p / 100ml,
fruit-juice-and-drinks,MOJU Ginger Vitality Dosing Bottle Shots x7 420ml,£5.95£1.42 / 100ml,
fruit-juice-and-drinks,"Sainsbury's Apple & Mango Juice, Not From Concentrate 1.75L",£3.4019p / 100ml,
fruit-juice-and-drinks,Sainsbury's Pure Orange Juice with Juicy Bits 1L,£1.5916p / 100ml,
fruit-juice-and-drinks,Sainsbury's Strawberry & Banana Smoothie 750ml,£1.9526p / 100ml,
fruit-juice-and-drinks,Copella Cloudy Apple Fruit Juice 900ml,"£2.25with Nectar
£2.7531p / 100ml",
fruit-juice-and-drinks,"Sainsbury's Tropical Juice, Not From Concentrate 1L",£2.2523p / 100ml,
fruit-juice-and-drinks,Vita Coco The Original Coconut Water 1L,£4.0040p / 100ml,
fruit-juice-and-drinks,Happy Monkey Orange & Mango Kids Smoothie 4x180ml,£2.4033p / 100ml,
fruit-juice-and-drinks,Tropicana Pure Orange Fruit Juice with Extra Juicy Bits 1.5L,"£3.50with Nectar
£4.5030p / 100ml",
fruit-juice-and-drinks,"innocent Kids Strawberries, Kiwis & Apples Super Smoothies w...",£4.1068p / 100ml,
fruit-juice-and-drinks,"Sainsbury's Orange & Mango Juice, Not From Concentrate 1L",£2.2523p / 100ml,
fruit-juice-and-drinks,innocent Pure Apple Juice 1.35L,£4.4033p / 100ml,
fruit-juice-and-drinks,Biotiful Gut Health Kefir Milk Drink Strawberry 1L,£3.5035p / 100ml,
fruit-juice-and-drinks,Happy Monkey Strawberry Milkshake 3x200ml,"£1.00with Nectar
£1.2020p / 100ml",
fruit-juice-and-drinks,"Sainsbury's Pineapple, Banana & Coconut Smoothie 750ml",£1.9526p / 100ml,
fruit-juice-and-drinks,Tropicana Original Orange with Juicy Bits 1.5L,"£3.50with Nectar
£4.5030p / 100ml",
fruit-juice-and-drinks,"Innocent Kids Strawberries, Raspberries & Apples Smoothies 1...",£6.0040p / 100ml,
fruit-juice-and-drinks,Tropicana Pure Smooth Orange Fruit Juice 500ml,"£1.50with Nectar
£2.0040p / 100ml",
fruit-juice-and-drinks,Copella Apple & Elderflower Fruit Juice 1.35L,£3.7528p / 100ml,
fruit-juice-and-drinks,Biotiful Gut Health Kefir Milk Drink Cherry 500ml,£2.6052p / 100ml,
fruit-juice-and-drinks,"Innocent Berry Energise, Strawberry, Cherry, Apple & Guarana...","£2.50with Nectar
£4.5060p / 100ml",
fruit-juice-and-drinks,Tropicana Tropical Fruits 1.5L,"£3.50with Nectar
£4.5030p / 100ml",
fruit-juice-and-drinks,innocent Pure Apple Juice 900ml,"£2.50with Nectar
£3.2036p / 100ml",
fruit-juice-and-drinks,Vita Coco Extra Coconut Water 1L,"£2.50with Nectar
£4.0040p / 100ml",
fruit-juice-and-drinks,"Innocent Strawberries, Bananas & Apples Smoothie 750ml",£3.5047p / 100ml,
fruit-juice-and-drinks,Tropicana Original Orange Juice with Bits 900ml,£3.2536p / 100ml,
pies-pasties-and-quiche,Mr Kipling Delicious & Light Bramley Apple Pies x6,"£1.75with Nectar
£3.0050p / ea",
pies-pasties-and-quiche,Sainsbury's Quiche Lorraine 400g,£1.9950p / 100g,
pies-pasties-and-quiche,Sainsbury's Mini Melton Mowbray Pork Pies x6 300g,£1.9966p / 100g,
pies-pasties-and-quiche,Sainsbury's Sausage Rolls x6 360g,£1.6947p / 100g,
pies-pasties-and-quiche,Sainsbury's Sausage Rolls x9 270g,£1.2948p / 100g,
pies-pasties-and-quiche,Sainsbury's Pork Cocktail Sausages 200g,£1.5075p / 100g,
pies-pasties-and-quiche,Sainsbury's Egg Bites x12 216g,£1.4969p / 100g,
pies-pasties-and-quiche,Stamford Street Co. Pork Sausage Rolls x8 480g,99p21p / 100g,
pies-pasties-and-quiche,Sainsbury's Snack Pork Pies x4 260g,£1.1845p / 100g,
pies-pasties-and-quiche,"Sainsbury's Mini Melton Mowbray Pork Pies, Taste the Differe...",£3.00£1.50 / 100g,
pies-pasties-and-quiche,"Ginsters Cornish Pasty, 227g",£2.2599p / 100g,
pies-pasties-and-quiche,Sainsbury's Extra Mature Cheddar & Cherrywood Smoked Bacon Q...,£4.25£1.06 / 100g,
pies-pasties-and-quiche,Sainsbury's Scotch Eggs x2 226g,£1.2555p / 100g,
pies-pasties-and-quiche,Sainsbury's Mini Sausage Rolls x20 200g,£2.40£1.20 / 100g,
pies-pasties-and-quiche,Pukka Pies All Steak Pie 209g,£2.25£1.08 / 100g,
pies-pasties-and-quiche,Sainsbury's Cheese & Onion Quiche 400g,£1.9950p / 100g,
pies-pasties-and-quiche,"Sainsbury's Broccoli, Tomato & Cheese Quiche 400g",£1.9950p / 100g,
pies-pasties-and-quiche,Sainsbury's Quiche Lorraine 170g,£1.6597p / 100g,
pies-pasties-and-quiche,Sainsbury's Scotch Eggs x4 452g,£2.2550p / 100g,
pies-pasties-and-quiche,"Sainsbury's Extra Mature Cheddar & Caramelised Onion Quiche,...",£4.25£1.06 / 100g,
pies-pasties-and-quiche,Lindahls Pro+ Kvarg Banoffee Pie High Protein Yogurt 150g,£1.4093p / 100g,
pies-pasties-and-quiche,Sainsbury's Steak & Gravy Shortcrust Pastry Pie 200g,"£1.75with Nectar
£2.25£1.13 / 100g",
pies-pasties-and-quiche,Sainsbury's Steak & Ale Puff Pastry Pie 200g,"£1.75with Nectar
£2.25£1.13 / 100g",
pies-pasties-and-quiche,Pukka Pies Chicken & Mushroom Pie 212g,£2.25£1.06 / 100g,
pies-pasties-and-quiche,Sainsbury's Pork & Egg Gala Slices x2 250g,"£2.50with Nectar
£2.95£1.18 / 100g",
pies-pasties-and-quiche,Sainsbury's Chicken & Gravy Shortcrust Pastry Pie 200g,"£1.50with Nectar
£2.00£1.00 / 100g",
pies-pasties-and-quiche,"Sainsbury's Feta, Pea & Spinach Crustless Quiche, Limited Ed...",£4.00£1.00 / 100g,
pies-pasties-and-quiche,Sainsbury's Large Melton Mowbray Pork Pie 454g,"£3.25with Nectar
£3.8086p / 100g",
pies-pasties-and-quiche,Sainsbury's Individual Melton Mowbray Pork Pie 145g,£1.50£1.03 / 100g,
pies-pasties-and-quiche,Sainsbury's Cornish Pasties x4 520g,£2.9557p / 100g,
pies-pasties-and-quiche,Sainsbury's Crustless Quiche Lorraine 340g,£2.2566p / 100g,
pies-pasties-and-quiche,Sainsbury's Mediterranean Style Vegetable Quiche 400g,£1.9950p / 100g,
pies-pasties-and-quiche,Ginsters Chicken & Mushroom Slice 170g,"£1.50with Nectar
£2.25£1.32 / 100g",
pies-pasties-and-quiche,Ginsters Peppered Steak Slice 170g,"£1.50with Nectar
£2.25£1.32 / 100g",
pies-pasties-and-quiche,Sainsbury's Crustless Quiche Lorraine 150g,£1.65£1.10 / 100g,
pies-pasties-and-quiche,Sainsbury's Mini Pork & Pickle Pies x6 300g,£1.9966p / 100g,
pies-pasties-and-quiche,Sainsbury's Cheese & Onion Quiche 170g,£1.6597p / 100g,
pies-pasties-and-quiche,"Higgidy Spinach, Red Pepper & Greek Feta Quiche 400g",£4.60£1.15 / 100g,
pies-pasties-and-quiche,"Sainsbury's Beef & Ale Pie, Limited Edition, Taste the Diffe...","£4.00with Nectar
£4.75£12.50 / kg",
pies-pasties-and-quiche,Pukka Pies Steak & Kidney Pie 219g,£2.25£1.03 / 100g,
pies-pasties-and-quiche,Sainsbury's Steak Slices x2 300g,£1.6956p / 100g,
pies-pasties-and-quiche,"Sainsbury's Pork & Apple Cocktail Sausages, Taste the Differ...",£3.25£1.64 / 100g,
pies-pasties-and-quiche,"Sainsbury's Pork Sausage Rolls, Summer Edition, Taste the Di...",£3.00£1.60 / 100g,
pies-pasties-and-quiche,Sainsbury's Snack Pork Pies x2 130g,59p45p / 100g,
pies-pasties-and-quiche,Higgidy Beechwood Smoked Bacon & Mature Cheddar Quiche 400g,£4.60£1.15 / 100g,
pies-pasties-and-quiche,"Sainsbury's Goats Cheese & Caramelised Onion Quiches, Limite...",£4.50£1.61 / 100g,
pies-pasties-and-quiche,Dickinson & Morris Melton Mowbray Pork Pie 145g,£2.00£1.38 / 100g,
pies-pasties-and-quiche,"Sainsbury's Salmon, Broccoli & Vintage Cheddar Quiche, Taste...",£4.25£1.06 / 100g,
pies-pasties-and-quiche,Sainsbury's Bacon & Cheese Quiche 400g,£1.9950p / 100g,
pies-pasties-and-quiche,"Sainsbury's Ultimate Steak Pie, Taste the Difference 500g","£5.50with Nectar
£6.50£1.30 / 100g",
pies-pasties-and-quiche,Sainsbury's Steak & Ale Puff Pastry Pie 500g,£4.2585p / 100g,
pies-pasties-and-quiche,Pukka Pies Veggie Leek & Potato Pie 213g,£2.25£1.06 / 100g,
pies-pasties-and-quiche,Sainsbury's Mini Beef Pasties x10 300g,"£2.00with Nectar
£2.4080p / 100g",
pies-pasties-and-quiche,Pukka Minced Beef & Onion Pie 215g,£2.25£1.05 / 100g,
pies-pasties-and-quiche,Sainsbury's Cheese & Onion Rolls x6 360g,£1.7448p / 100g,
pies-pasties-and-quiche,Higgidy Creamy Chicken & Sauteed Leek Pie 200g,"£3.00with Nectar
£3.75£1.88 / 100g",
pies-pasties-and-quiche,Sainsbury's Chicken & Gravy Shortcrust Pastry Pie 500g,£4.0080p / 100g,
pies-pasties-and-quiche,Sainsbury's Cheese & Bacon Snack Rolls x9 270g,£1.2948p / 100g,
pies-pasties-and-quiche,Ginsters Cornish Pasty x4 520g,£4.2582p / 100g,
pies-pasties-and-quiche,"Sainsbury's Pork Cocktail Sausages, Taste the Difference x18...",£3.25£1.64 / 100g,
pizza-pasta-and-garlic-bread,Crosta & Mollica Fiorentina Mushrooms Spinach Creamy Garlic ...,£5.75£12.69 / kg,
pizza-pasta-and-garlic-bread,Crosta & Mollica Stromboli Sourdough Pizza Spicy Salami & Pe...,£5.75£12.86 / kg,
pizza-pasta-and-garlic-bread,Crosta Mollica Rustica 444g,£5.75£12.95 / kg,
pizza-pasta-and-garlic-bread,Sainsbury's Garlic Baguette x2 390g,£1.8046p / 100g,
pizza-pasta-and-garlic-bread,Pizza Express Margherita Pizza 245g,"£2.75with Nectar
£5.50£22.45 / kg",
pizza-pasta-and-garlic-bread,Sainsbury's Fresh Gnocchi 500g,£2.50£5.00 / kg,
pizza-pasta-and-garlic-bread,Sainsbury's Spinach & Ricotta Tortelloni 300g,"£1.50with Nectar
£2.00£6.67 / kg",
pizza-pasta-and-garlic-bread,Stamford Street Co. Cheese & Tomato Pizza 101g,51p£5.05 / kg,
pizza-pasta-and-garlic-bread,Sainsbury's Stonebaked Margherita Pizza 265g,£3.75£14.15 / kg,
pizza-pasta-and-garlic-bread,Pizza Express Dough Balls with Garlic Dip x16,"£1.90with Nectar
£3.80£1.85 / 100g",
pizza-pasta-and-garlic-bread,"Sainsbury's Garlic Flatbread, Taste the Difference 195g","£2.00with Nectar
£3.00£1.54 / 100g",
pizza-pasta-and-garlic-bread,Sainsbury's Stonebaked Pepperoni Pizza 270g,£3.75£13.89 / kg,
pizza-pasta-and-garlic-bread,Stamford Street Co. Garlic Baguette x2 330g,70p21p / 100g,
pizza-pasta-and-garlic-bread,Sainsbury's Tomato & Mascarpone Sauce 350g (Serves 2),"£1.50with Nectar
£2.0057p / 100g",
pizza-pasta-and-garlic-bread,"Sainsbury's Salami, Prosciutto & Chorizo Pizza, Taste the Di...","£4.00with Nectar
£5.00£10.99 / kg",
pizza-pasta-and-garlic-bread,Pizza Express American Pepperoni Pizza 250g,"£2.75with Nectar
£5.50£22.00 / kg",
pizza-pasta-and-garlic-bread,"Sainsbury's Mozzarella & Cherry Tomato Pizza, Taste the Diff...","£4.00with Nectar
£5.00£10.33 / kg",
pizza-pasta-and-garlic-bread,Sainsbury's Chicken & Bacon Tortelloni 300g,"£1.50with Nectar
£2.00£6.67 / kg",
pizza-pasta-and-garlic-bread,Sainsbury's Garlic Baguette 195g,£1.0051p / 100g,
pizza-pasta-and-garlic-bread,Sainsbury's Tomato & Basil Sauce 350g (Serves 2),"£1.50with Nectar
£2.0057p / 100g",
pizza-pasta-and-garlic-bread,Sainsbury's Tomato & Mozzarella Tortelloni 300g,"£1.50with Nectar
£2.00£6.67 / kg",
pizza-pasta-and-garlic-bread,Sainsbury's Fresh Egg Fusilli 500g,£2.50£5.00 / kg,
pizza-pasta-and-garlic-bread,Sainsbury's Garlic Flatbread 210g,£1.9593p / 100g,
pizza-pasta-and-garlic-bread,Sainsbury's Fresh Egg Tagliatelle 500g,£2.50£5.00 / kg,
pizza-pasta-and-garlic-bread,Sainsbury's Cheese & Garlic Flatbread 224g,£1.9587p / 100g,
pizza-pasta-and-garlic-bread,Sainsbury's Stonebaked Meat Feast Hand Stretch Pizza 306g,£3.75£12.30 / kg,
pizza-pasta-and-garlic-bread,Sainsbury's Ciabatta Breadsticks 135g,"£1.80with Nectar
£2.00£1.48 / 100g",
pizza-pasta-and-garlic-bread,"Sainsbury's Prosciutto Mushroom & Mascarpone Pizza, Taste th...","£4.00with Nectar
£5.00£10.42 / kg",
pizza-pasta-and-garlic-bread,"Sainsbury's Wood Fired Napoli Salami & Chilli Honey Pizza, A...","£4.00with Nectar
£5.00£10.87 / kg",
pizza-pasta-and-garlic-bread,Sainsbury's Farfalle Pasta 500g,69p£1.38 / kg,
pizza-pasta-and-garlic-bread,Crosta & Mollica Ready to Top Pizza Base with Tomato Sauce 2...,£2.35£8.70 / kg,
pizza-pasta-and-garlic-bread,Sainsbury's Fresh Egg Lasagne Sheets 250g,£2.00£8.00 / kg,
pizza-pasta-and-garlic-bread,Sainsbury's Arrabiata Sauce 350g (Serves 2),"£1.50with Nectar
£2.0057p / 100g",
pizza-pasta-and-garlic-bread,Sainsbury's Cheese Sauce 350g (Serves 2),"£1.50with Nectar
£2.0057p / 100g",
pizza-pasta-and-garlic-bread,Sainsbury's Garlic Slices with a Parsley Topping x8 235g,"£1.75with Nectar
£2.3098p / 100g",
pizza-pasta-and-garlic-bread,"Crosta & Mollica Margherita Sourdough Pizza Tomato, Mozzarel...",£5.75£14.27 / kg,
pizza-pasta-and-garlic-bread,Stamford Street Co. Cheese & Tomato Pizza 309g,£1.50£5.00 / kg,
pizza-pasta-and-garlic-bread,Sainsbury's Smokey Chorizo Tortelloni 300g,"£1.50with Nectar
£2.00£6.67 / kg",
pizza-pasta-and-garlic-bread,Sainsbury's Stonebaked Ham & Pineapple Hand Stretched Pizza ...,£3.75£12.71 / kg,
pizza-pasta-and-garlic-bread,Pizza Express Sloppy Guiseppe Pizza 305g,"£2.75with Nectar
£5.50£18.84 / kg",
pizza-pasta-and-garlic-bread,"Sainsbury's Spicy Pepperoni & Roquito Pizza, Taste the Diffe...","£4.00with Nectar
£5.00£10.53 / kg",
pizza-pasta-and-garlic-bread,"Sainsbury's Thin & Crispy 10"" Pizza Base x2 260g",£1.50£5.77 / kg,
pizza-pasta-and-garlic-bread,Sainsbury's Stonebaked BBQ Chicken Hand Stretched Pizza 300g,£3.75£12.50 / kg,
pizza-pasta-and-garlic-bread,Sainsbury's Prosciutto Cappelletti 300g,"£1.50with Nectar
£2.00£6.67 / kg",
pizza-pasta-and-garlic-bread,"Sainsbury's Carbonara Sauce, Taste the Difference 350g (Serv...",£3.2593p / 100g,
pizza-pasta-and-garlic-bread,La Famiglia Rana Spinach & Ricotta Fresh Tortelloni 250g,£3.00£12.00 / kg,
pizza-pasta-and-garlic-bread,Sainsbury's Takeaway Garlic & Herb Dip 90g,£1.85£20.56 / kg,
pizza-pasta-and-garlic-bread,"Sainsbury's Red Onion & Cheddar Flatbread, Taste the Differe...","£2.00with Nectar
£3.00£1.18 / 100g",
pizza-pasta-and-garlic-bread,Sainsbury's Fresh Egg Penne 500g,£2.50£5.00 / kg,
pizza-pasta-and-garlic-bread,"Sainsbury's Basil Pesto, Taste the Difference 150g",£3.00£2.00 / 100g,
pizza-pasta-and-garlic-bread,Sainsbury's Garlic Mushroom Mascarpone & Truffle Wood Fired ...,"£4.00with Nectar
£5.00£11.76 / kg",
pizza-pasta-and-garlic-bread,Sainsbury's Ham & Cheese Tortelloni 300g,"£1.50with Nectar
£2.00£6.67 / kg",
pizza-pasta-and-garlic-bread,"Sainsbury's Peppercorn Sauce, Taste the Difference 200g",£2.50£1.25 / 100g,
pizza-pasta-and-garlic-bread,Sainsbury's Pesto & Goat Cheese Tortelloni 300g,"£1.50with Nectar
£2.00£6.67 / kg",
pizza-pasta-and-garlic-bread,Sainsbury's Cheese & Garlic Slices x8 260g,"£1.75with Nectar
£2.3088p / 100g",
pizza-pasta-and-garlic-bread,Sainsbury's Fresh Egg Spaghetti 500g,£2.50£5.00 / kg,
pizza-pasta-and-garlic-bread,Stamford Street Co. Single Garlic Baguette 165g,50p30p / 100g,
pizza-pasta-and-garlic-bread,La Famiglia Rana Genovese Basil P.D.O. Pesto 140g,"£1.75with Nectar
£2.25£1.61 / 100g",
pizza-pasta-and-garlic-bread,"Sainsbury's Butternut Squash & Sage Ravioli, Taste the Diffe...",£3.50£14.00 / kg,
pizza-pasta-and-garlic-bread,McCain Shake Shake Fries Sea Salt and Cracked Black Pepper 3...,"£1.50with Nectar
£2.50£8.25 / kg",
ready-meals,Crosta & Mollica Fiorentina Mushrooms Spinach Creamy Garlic ...,£5.75£12.69 / kg,
ready-meals,Cathedral City Cottage Pie 400g,£4.25£10.63 / kg,
ready-meals,Crosta & Mollica Stromboli Sourdough Pizza Spicy Salami & Pe...,£5.75£12.86 / kg,
ready-meals,Sainsbury's Baby Leaf Spinach 200g,£1.45£7.25 / kg,
ready-meals,Sainsbury's Garlic Baguette x2 390g,£1.8046p / 100g,
ready-meals,Pizza Express Margherita Pizza 245g,"£2.75with Nectar
£5.50£22.45 / kg",
ready-meals,Sainsbury's Fresh Gnocchi 500g,£2.50£5.00 / kg,
ready-meals,Sainsbury's Spinach & Ricotta Tortelloni 300g,"£1.50with Nectar
£2.00£6.67 / kg",
ready-meals,Stamford Street Co. Cheese & Tomato Pizza 101g,51p£5.05 / kg,
ready-meals,Sainsbury's Stonebaked Margherita Pizza 265g,£3.75£14.15 / kg,
ready-meals,"Sainsbury's Garlic Flatbread, Taste the Difference 195g","£2.00with Nectar
£3.00£1.54 / 100g",
ready-meals,Sainsbury's Stonebaked Pepperoni Pizza 270g,£3.75£13.89 / kg,
ready-meals,Sainsbury's Tomato & Mascarpone Sauce 350g (Serves 2),"£1.50with Nectar
£2.0057p / 100g",
ready-meals,Sainsbury's Indian Chicken Tikka Masala with Pilau Rice Read...,£3.50£8.75 / kg,
ready-meals,"Sainsbury's Salami, Prosciutto & Chorizo Pizza, Taste the Di...","£4.00with Nectar
£5.00£10.99 / kg",
ready-meals,"Sainsbury's Diced Onions, Inspired to Cook 200g",50p£2.50 / kg,
ready-meals,Sainsbury's Poppadoms Plain 64g,£1.50£2.34 / 100g,
ready-meals,Sainsbury's Fishcakes Melting Middle MSC Cod & Parsley Sauce...,"£2.25with Nectar
£3.00£10.34 / kg",
ready-meals,Pizza Express American Pepperoni Pizza 250g,"£2.75with Nectar
£5.50£22.00 / kg",
ready-meals,Sainsbury's Chinese Sweet & Sour Chicken with Rice Ready Mea...,"£3.00with Nectar
£3.50£8.75 / kg",
ready-meals,Birds Eye Garden Peas 375g,£1.75£4.67 / kg,
ready-meals,"Sainsbury’s Potato, Carrot & Swede Mash 400g",£1.55£3.88 / kg,
ready-meals,"Sainsbury's Lasagne Ready Meal For 1, Taste the Difference 4...","£4.00with Nectar
£4.75£11.88 / kg",
ready-meals,"Sainsbury's Carrot, Cauliflower & Broccoli 240g",£1.10£4.58 / kg,
ready-meals,"Sainsbury's Mozzarella & Cherry Tomato Pizza, Taste the Diff...","£4.00with Nectar
£5.00£10.33 / kg",
ready-meals,"Sainsbury's Scottish Salmon, Spinach & Lemon Fishcakes, Tast...","£2.25with Nectar
£3.25£11.21 / kg",
ready-meals,Sainsbury's Chicken & Bacon Tortelloni 300g,"£1.50with Nectar
£2.00£6.67 / kg",
ready-meals,Sainsbury's Fishcakes Melting Middle Smoked MSC Haddock with...,£3.25£11.21 / kg,
ready-meals,Charlie Bigham's Fish Pie 655g (Serves 2),"£7.50with Nectar
£9.95£15.19 / kg",
ready-meals,Sainsbury's Garlic & Coriander Naan x2 260g,69p27p / 100g,
ready-meals,"Sainsbury's Butternut Squash Slices, Inspired to Cook 400g",£1.45£3.63 / kg,
ready-meals,Sainsbury's Spaghetti Bolognese Ready Meal For 1 400g,£3.50£8.75 / kg,
ready-meals,Sainsbury's Vintage Cheddar Macaroni Cheese Ready Meal For 1...,"£4.00with Nectar
£4.75£12.67 / kg",
ready-meals,Sainsbury's Tomato & Basil Sauce 350g (Serves 2),"£1.50with Nectar
£2.0057p / 100g",
ready-meals,Sainsbury's Tomato & Mozzarella Tortelloni 300g,"£1.50with Nectar
£2.00£6.67 / kg",
ready-meals,Sainsbury's Mini Plain Naan x4 188g,£1.0556p / 100g,
ready-meals,Sainsbury's Fresh Egg Fusilli 500g,£2.50£5.00 / kg,
ready-meals,Sainsbury's Fishcakes Scottish Salmon x2 270g,£1.95£7.22 / kg,
ready-meals,Sainsbury's Chinese Chicken Chow Mein Ready Meal for 1 400g,"£3.00with Nectar
£3.50£8.75 / kg",
ready-meals,Birds Eye Garden Peas 1.2kg,£4.00£3.33 / kg,
ready-meals,"Sainsbury's Fish Pie, Taste the Difference 400g (Serves 1)","£4.20with Nectar
£4.95£12.38 / kg",
ready-meals,Sainsbury's Fresh Egg Tagliatelle 500g,£2.50£5.00 / kg,
ready-meals,"Sainsbury's Cottage Pie, Taste the Difference 400g (Serves 1...","£4.00with Nectar
£4.75£11.88 / kg",
ready-meals,Sainsbury's Plain Naan x 2 260g,69p27p / 100g,
ready-meals,Sainsbury's Stonebaked Meat Feast Hand Stretch Pizza 306g,£3.75£12.30 / kg,
ready-meals,Sainsbury's MSC Cod Fishcakes x2 270g,£1.95£7.22 / kg,
ready-meals,"Sainsbury's Beer Battered MSC Cod Fillets, Taste the Differe...","£4.69with Nectar
£6.25£16.23 / kg",
ready-meals,Charlie Bigham's Lasagne 690g (Serves 2),"£7.50with Nectar
£9.95£14.42 / kg",
ready-meals,Sainsbury's Mashed Potato Seasoned with Cracked Black Pepper...,"£1.75with Nectar
£2.75£6.88 / kg",
ready-meals,Sainsbury's Lightly Dusted MSC Cod Fillets x2 255g,£4.50£17.65 / kg,
ready-meals,"Sainsbury's Prosciutto Mushroom & Mascarpone Pizza, Taste th...","£4.00with Nectar
£5.00£10.42 / kg",
ready-meals,Sainbury's Macaroni Cheese Ready Meal For 1 400g,£3.50£8.75 / kg,
ready-meals,Little Dish Mild Chicken Korma Kid's Meal 1-5 Yrs 200g,"£2.00with Nectar
£2.85£14.25 / kg",
ready-meals,"Sainsbury's Wood Fired Napoli Salami & Chilli Honey Pizza, A...","£4.00with Nectar
£5.00£10.87 / kg",
ready-meals,"Sainsbury's Beans, Tenderstem & Baby Corn 240g",£2.50£10.42 / kg,
ready-meals,Sainsbury's Chicken & Bacon Pasta Ready Meal For 1 400g,£3.50£8.75 / kg,
ready-meals,Sainsbury's Indian Chicken Korma with Pilau Rice Ready Meal ...,£3.50£8.75 / kg,
ready-meals,Cauldron Falafels 200g,£2.60£13.00 / kg,
ready-meals,Crosta & Mollica Ready to Top Pizza Base with Tomato Sauce 2...,£2.35£8.70 / kg,
ready-meals,"Sainsbury's Lasagne Ready Meal For 2, Taste the Difference 8...",£7.50£9.38 / kg,
sandwiches-and-food-to-go,Cadbury Dairy Milk Buttons Dessert 75g,"80pwith Nectar
£1.25£1.67 / 100g",
sandwiches-and-food-to-go,Müller Light Fat Free Smooth Toffee Yogurt 160g,90p56p / 100g,
sandwiches-and-food-to-go,Strings & Things Cheestrings Cheese Snack x8 160g,£2.49£15.56 / kg,
sandwiches-and-food-to-go,Müller Corner Vanilla Yogurt With Chocolate Balls 124g,90p73p / 100g,
sandwiches-and-food-to-go,Sainsbury's Mango 250g,£2.50£10.00 / kg,
sandwiches-and-food-to-go,Strings & Things Cheestrings Cheese Snack x4 80g,"£1.25with Nectar
£1.75£21.88 / kg",
sandwiches-and-food-to-go,Sainsbury's Egg Bites x12 216g,£1.4969p / 100g,
sandwiches-and-food-to-go,Müller Corner Red Cherry Yogurt 136g,90p66p / 100g,
sandwiches-and-food-to-go,Cadbury Flake Chocolate Dessert 75g,"80pwith Nectar
£1.25£1.67 / 100g",
sandwiches-and-food-to-go,Müller Corner Strawberry Yogurt 136g,90p66p / 100g,
sandwiches-and-food-to-go,Muller Corner Banana Yogurt with Chocolate Flakes 124g,90p73p / 100g,
sandwiches-and-food-to-go,Muller Corner Vanilla Yogurt With Chocolate Digestive Biscui...,90p73p / 100g,
sandwiches-and-food-to-go,Sainsbury's Egg Mayo Deli Filler 220g,£1.4566p / 100g,
sandwiches-and-food-to-go,Müller Rice Vanilla Custard Low Fat Pudding Dessert 170g,90p53p / 100g,
sandwiches-and-food-to-go,Sainsbury's Watermelon 160g,£1.40£8.75 / kg,
sandwiches-and-food-to-go,Sainsbury's Four Bean Salad 250g,£1.8574p / 100g,
sandwiches-and-food-to-go,"Sainsbury's Pasta, Spinach & Pinenut Salad 200g",£1.8593p / 100g,
sandwiches-and-food-to-go,Müller Rice Strawberry Low Fat Pudding Dessert 170g,90p53p / 100g,
sandwiches-and-food-to-go,Sainsbury's Pineapple 160g,£1.40£8.75 / kg,
sandwiches-and-food-to-go,Sainsbury's Beetroot Salad 300g,£1.8562p / 100g,
sandwiches-and-food-to-go,Sainsbury's Large Classic Sandwich Platter (30 Quarters),£20.00£14.12 / kg,
sandwiches-and-food-to-go,Sainsbury's Melon 160g,£1.40£8.75 / kg,
sandwiches-and-food-to-go,Muller Rice Original Low Fat Pudding Dessert 170g,90p53p / 100g,
sandwiches-and-food-to-go,Sainsbury's Coronation Chicken Deli Filler 220g,£1.4566p / 100g,
sandwiches-and-food-to-go,"Sainsbury's Pesto & Parmesan Pasta, Taste The Difference 185...",£3.25£1.76 / 100g,
sandwiches-and-food-to-go,Sainsbury's Tuna & Sweetcorn Deli Filler 220g,£1.4566p / 100g,
sandwiches-and-food-to-go,Sainsbury's Berry Fruit Salad 240g,£2.50£10.42 / kg,
sandwiches-and-food-to-go,Sainsbury's Cheese & Onion Deli Filler 220g,£1.2858p / 100g,
sandwiches-and-food-to-go,Sainsbury's Wrap Platter (16 Pieces),£14.00£16.95 / kg,
sandwiches-and-food-to-go,Sainsbury's Watermelon Fingers 540g,£4.00£7.41 / kg,
sandwiches-and-food-to-go,Sainsbury's Tabbouleh with Herb Roasted Garlic & Lemon Dress...,£3.25£1.63 / 100g,
sandwiches-and-food-to-go,Sainsbury's Edamame Beans 175g,£1.80£10.29 / kg,
sandwiches-and-food-to-go,Sainsbury's Individual Melton Mowbray Pork Pie 145g,£1.50£1.03 / 100g,
sandwiches-and-food-to-go,Sainsbury’s Melon 500g,£3.25£6.50 / kg,
sandwiches-and-food-to-go,Muller Corner Toffee Yogurt with Chocolate Hoops 124g,90p73p / 100g,
sandwiches-and-food-to-go,Sainsbury's Roasted Vegetable Couscous 200g,"£1.50with Nectar
£1.8593p / 100g",
sandwiches-and-food-to-go,"Sainsbury's Apple, Pineapple & Grape 160g",£1.40£8.75 / kg,
sandwiches-and-food-to-go,Müller Light Fat Free Cherry Yogurt 160g,90p56p / 100g,
sandwiches-and-food-to-go,Sainsbury's Vegetarian Sandwich Platter (20 Quarters),£14.00£13.28 / kg,
sandwiches-and-food-to-go,Cadbury Crunchie Chocolate Dessert 75g,"80pwith Nectar
£1.25£1.67 / 100g",
sandwiches-and-food-to-go,Müller Light Fat Free Strawberry Yogurt 160g,90p56p / 100g,
sandwiches-and-food-to-go,"Sainsbury's On the Go Cheddar, Red Leicester & Red Onion San...",£1.90£1.90 / ea,
sandwiches-and-food-to-go,Sainsbury's Chicken & Sweetcorn Deli Filler 220g,£1.4566p / 100g,
sandwiches-and-food-to-go,Sainsbury's Seafood Cocktail Deli Filler 220g,£1.4566p / 100g,
sandwiches-and-food-to-go,Sainsbury's Watermelon 300g,"£2.00with Nectar
£2.50£8.33 / kg",
sandwiches-and-food-to-go,Sainsbury's British Classic Cheese & Onion Crispbakes x2 227...,£1.69£7.44 / kg,
sandwiches-and-food-to-go,"Sainsbury's Butternut Squash & Sage Ravioli, Taste the Diffe...",£3.50£14.00 / kg,
sandwiches-and-food-to-go,Sainsbury’s Pineapple 500g,£3.25£6.50 / kg,
sandwiches-and-food-to-go,Sainsbury's Egg & Cress Sandwich,£1.90£1.90 / ea,
sandwiches-and-food-to-go,Sainsbury's Chicken Salad Sandwich,£3.15£3.15 / ea,
sandwiches-and-food-to-go,Sainsbury's Prawn Mayo Sandwich,£3.15£3.15 / ea,
sandwiches-and-food-to-go,Mission Original XL Wraps 540g,"£1.50with Nectar
£2.0033p / ea",
sandwiches-and-food-to-go,Müller Light Fat Free Yogurt Limited Edition 160g,90p56p / 100g,
sandwiches-and-food-to-go,Attack a Snak Ham & Cheese Wrap Kit with Tomato Ketchup 86g,"£1.25with Nectar
£1.50£17.44 / kg",
sandwiches-and-food-to-go,Sainsbury's Egg Mayo Deli Filler 385g,£2.5466p / 100g,
sandwiches-and-food-to-go,"Sainsbury's Maple Cured Bacon, Lettuce & Tomato Sandwich",£3.15£3.15 / ea,
sandwiches-and-food-to-go,Sainsbury's On the Go Free Range Egg Protein Pot Meal Snack ...,£1.30£1.44 / 100g,
sandwiches-and-food-to-go,Sainsbury's Oakwood Smoked Ham & Cheddar Sandwich,£3.15£3.15 / ea,
sandwiches-and-food-to-go,Müller Frijj Chocolate Flavour Milkshake 330ml,"75pwith Nectar
£1.5045p / 100ml",
sandwiches-and-food-to-go,Sainsbury's Coronation Chicken Deli Filler 385g,£2.5466p / 100g,
savoury-snacks,Quorn Garlic & Herb Bites 180g,£2.60£14.44 / kg,
savoury-snacks,Fridge Raiders Slow Roasted Chicken Snack Bites 5x 22.5g,"£1.50with Nectar
£2.25£2.00 / 100g",
savoury-snacks,Strings & Things Cheestrings Cheese Snack x8 160g,£2.49£15.56 / kg,
savoury-snacks,Sainsbury's Mini Melton Mowbray Pork Pies x6 300g,£1.9966p / 100g,
savoury-snacks,Sainsbury's Sausage Rolls x6 360g,£1.6947p / 100g,
savoury-snacks,Strings & Things Cheestrings Cheese Snack x4 80g,"£1.25with Nectar
£1.75£21.88 / kg",
savoury-snacks,Sainsbury's Sausage Rolls x9 270g,£1.2948p / 100g,
savoury-snacks,Sainsbury's Pork Cocktail Sausages 200g,£1.5075p / 100g,
savoury-snacks,Sainsbury's Egg Bites x12 216g,£1.4969p / 100g,
savoury-snacks,Stamford Street Co. Pork Sausage Rolls x8 480g,99p21p / 100g,
savoury-snacks,Sainsbury's Chorizo Ring Mild 225g,£2.50£1.11 / 100g,
savoury-snacks,Sainsbury's Snack Pork Pies x4 260g,£1.1845p / 100g,
savoury-snacks,Sainsbury's Pitted Green Olives 120g,£1.60£1.33 / 100g,
savoury-snacks,"Sainsbury's Mini Melton Mowbray Pork Pies, Taste the Differe...",£3.00£1.50 / 100g,
savoury-snacks,Sainsbury's Scotch Eggs x2 226g,£1.2555p / 100g,
savoury-snacks,Sainsbury's Mini Sausage Rolls x20 200g,£2.40£1.20 / 100g,
savoury-snacks,Vadasz Raw Kimchi 400g,"£3.50with Nectar
£4.50£1.13 / 100g",
savoury-snacks,Fridge Raiders Southern Style Chicken Snack Bites 5x 22.5g,"£1.50with Nectar
£2.25£2.00 / 100g",
savoury-snacks,Dairylea Dunkers Jumbo Tubes Cheese Snacks Pack x6 246g,£3.30£13.41 / kg,
savoury-snacks,Sainsbury's Pitted Black Olives 120g,£1.60£1.33 / 100g,
savoury-snacks,Fridge Raiders Slow Roasted Chicken Snack Bites 3x 22.5g,£1.70£2.52 / 100g,
savoury-snacks,Sainsbury's Trio Of Spanish Olives 280g,"£3.25with Nectar
£4.50£1.61 / 100g",
savoury-snacks,Sainsbury's Scotch Eggs x4 452g,£2.2550p / 100g,
savoury-snacks,Sainsbury's Pork & Egg Gala Slices x2 250g,"£2.50with Nectar
£2.95£1.18 / 100g",
savoury-snacks,"Sainsbury's Spinach & Feta Parcels Summer Edition, Taste the...",£3.50£2.50 / 100g,
savoury-snacks,"Sainsbury's Nocellara Del Belice Olives, Taste the Differenc...",£3.50£2.19 / 100g,
savoury-snacks,Sainsbury's Garlic Stuffed Halkidiki Olives 160g,£3.00£1.88 / 100g,
savoury-snacks,Sainsbury's Large Melton Mowbray Pork Pie 454g,"£3.25with Nectar
£3.8086p / 100g",
savoury-snacks,Sainsbury's Individual Melton Mowbray Pork Pie 145g,£1.50£1.03 / 100g,
savoury-snacks,Sainsbury's Pimento Stuffed Olives with Manchego & Chilli 16...,£3.00£1.88 / 100g,
savoury-snacks,Sainsbury's Queen Olives with Lemon & Herb 160g,£3.00£1.88 / 100g,
savoury-snacks,Sainsbury's Trio of Spanish Olives 160g,£3.00£1.88 / 100g,
savoury-snacks,"Sainsbury's Sweet Potato Falafels, Limited Edition, Taste th...",£3.50£2.43 / 100g,
savoury-snacks,Sainsbury's Mini Pork & Pickle Pies x6 300g,£1.9966p / 100g,
savoury-snacks,"Sainsbury's Falafels Summer Edition, Taste the Difference 14...",£3.50£2.43 / 100g,
savoury-snacks,Unearthed Spanish Potato Omelette 500g,£4.0080p / 100g,
savoury-snacks,"Sainsbury's Chargrilled Italian Artichokes, Taste the Differ...",£3.50£2.50 / 100g,
savoury-snacks,"Sainsbury's Pork & Apple Cocktail Sausages, Taste the Differ...",£3.25£1.64 / 100g,
savoury-snacks,Mattessons Smoked Pork Sausage Original 160g,"£1.75with Nectar
£2.25£1.41 / 100g",
savoury-snacks,Sainsbury's British Classic Cheese & Onion Crispbakes x2 227...,£1.69£7.44 / kg,
savoury-snacks,"Sainsbury's Pork Sausage Rolls, Summer Edition, Taste the Di...",£3.00£1.60 / 100g,
savoury-snacks,Sainsbury's Mixed Olives & Greek Feta 160g,£3.00£1.88 / 100g,
savoury-snacks,Sainsbury's Snack Pork Pies x2 130g,59p45p / 100g,
savoury-snacks,"Sainsbury's Jumbo Kalamata Olives with Oak Smoked Oil, Taste...",£3.50£2.19 / 100g,
savoury-snacks,Dickinson & Morris Melton Mowbray Pork Pie 145g,£2.00£1.38 / 100g,
savoury-snacks,Sainsbury's Marinated Sundried Tomatoes 140g,£3.00£2.14 / 100g,
savoury-snacks,Sainsbury's Mixed Olives & Greek Feta 285g,"£3.25with Nectar
£4.50£1.58 / 100g",
savoury-snacks,Sainsbury's Cheese & Onion Rolls x6 360g,£1.7448p / 100g,
savoury-snacks,Unearthed Spanish Spinach Omelette 250g,£3.25£1.30 / 100g,
savoury-snacks,Sainsbury's Double Stuffed Halkidiki Olives with Jalapeño & ...,£3.50£2.19 / 100g,
savoury-snacks,Wall's Pork Sausage Rolls x10 550g,"£2.50with Nectar
£3.0055p / 100g",
savoury-snacks,Mattessons Smoked Pork Sausage Reduced Fat 160g,"£1.75with Nectar
£2.25£1.41 / 100g",
savoury-snacks,Sainsbury's Cheese & Bacon Snack Rolls x9 270g,£1.2948p / 100g,
savoury-snacks,Attack a Snak Ham & Cheese Wrap Kit with Tomato Ketchup 86g,"£1.25with Nectar
£1.50£17.44 / kg",
savoury-snacks,"Sainsbury's Pork Cocktail Sausages, Taste the Difference x18...",£3.25£1.64 / 100g,
savoury-snacks,Sainsbury's Garlic & Herb Green Olives 160g,£3.00£1.88 / 100g,
savoury-snacks,Pukka Pork Sausage Roll 130g,"£1.00with Nectar
£1.40£1.08 / 100g",
savoury-snacks,Fridge Raiders Variety Pack Chicken Snack Bites 7x22.5g,£2.80£1.77 / 100g,
savoury-snacks,"Sainsbury's Chicken & Chorizo Empanadas, Taste the Differenc...",£3.50£3.24 / 100g,
savoury-snacks,Sainsbury's Chicken Tikka Slice x2 300g,£1.6956p / 100g,
vegetarian-vegan-and-dairy-free,Quorn Picnic Eggs 140g,£2.05£14.64 / kg,
vegetarian-vegan-and-dairy-free,Quorn Cocktail Sausages x14 140g,£2.00£14.29 / kg,
vegetarian-vegan-and-dairy-free,Cauldron Cumberland Vegetarian Sausages x6 276g,£3.10£11.23 / kg,
vegetarian-vegan-and-dairy-free,Philadelphia Original Soft Cream Cheese 280g,"£2.25with Nectar
£3.25£11.61 / kg",
vegetarian-vegan-and-dairy-free,The Tofoo Co. Naked Organic Tofu 280g,£2.30£8.21 / kg,
vegetarian-vegan-and-dairy-free,Quorn Vegan Smoky Ham Free Slices 100g,£2.70£27.00 / kg,
vegetarian-vegan-and-dairy-free,Richmond Meat Free Vegan & Vegetarian Sausages x8 304g,£2.40£7.89 / kg,
vegetarian-vegan-and-dairy-free,Cauldron Falafels 200g,£2.60£13.00 / kg,
vegetarian-vegan-and-dairy-free,Beyond Meat Plant Based Burger Patties x2 226g,£4.50£19.91 / kg,
vegetarian-vegan-and-dairy-free,The Tofoo Co. Smoked Organic Tofu 225g,£2.85£12.67 / kg,
vegetarian-vegan-and-dairy-free,The Tofoo Co. Naked Organic Tofu 450g,£3.50£7.78 / kg,
vegetarian-vegan-and-dairy-free,Gosh! Mediterranean Falafel with Chickpeas & Hint of Basil 1...,£2.30£13.45 / kg,
vegetarian-vegan-and-dairy-free,Cauldron Vegetarian Moroccan Spiced Falafels 180g,£2.60£14.44 / kg,
vegetarian-vegan-and-dairy-free,Cauldron Vegan Marinated Tofu Pieces 160g,£3.00£18.75 / kg,
vegetarian-vegan-and-dairy-free,Quorn Picnic Eggs x12 240g,£2.95£12.29 / kg,
vegetarian-vegan-and-dairy-free,Quorn Vegan Chicken Free Slices 100g,£3.00£30.00 / kg,
vegetarian-vegan-and-dairy-free,Graham's the Family Dairy Cottage Cheese Pineapple 300g,£1.65£5.50 / kg,
vegetarian-vegan-and-dairy-free,Tiba Tempeh Original Block 200g,£2.70£13.50 / kg,
vegetarian-vegan-and-dairy-free,Quorn Vegetarian Ham Slices 170g,£2.85£16.76 / kg,
vegetarian-vegan-and-dairy-free,Graham's the Family Dairy Cottage Cheese Onion & Chive 300g,£1.65£5.50 / kg,
vegetarian-vegan-and-dairy-free,Cauldron Lincolnshire Vegetarian Sausages x6 276g,£3.10£11.23 / kg,
vegetarian-vegan-and-dairy-free,Gosh! Moroccan Spiced Falafel with Red Pepper & Apricot 171g,£2.30£13.45 / kg,
vegetarian-vegan-and-dairy-free,Quorn Vegetarian Mozzarella & Pesto Escalope x2 240g,£3.25£13.54 / kg,
vegetarian-vegan-and-dairy-free,Babybel Mini Protein Cheese Snacks 6 x 20g,£2.45£20.42 / kg,
vegetarian-vegan-and-dairy-free,Quorn Cocktail Sausages x24 240g,£2.95£12.29 / kg,
vegetarian-vegan-and-dairy-free,This Isn't Beef Plant Based Mince 250g,£3.50£14.00 / kg,
vegetarian-vegan-and-dairy-free,This Isn't Pork Plant Based Sausages 270g,£3.75£13.89 / kg,
vegetarian-vegan-and-dairy-free,The Vegetarian Butcher What The Cluck Vegan Chicken Chunks 1...,£3.15£19.69 / kg,
vegetarian-vegan-and-dairy-free,Richmond Vegan & Vegetarian Chargrilled No Chicken Pieces 16...,£2.70£16.36 / kg,
vegetarian-vegan-and-dairy-free,La Vie Plant Based Bacon Smoked Rashers x8 120g,£3.50£29.17 / kg,
vegetarian-vegan-and-dairy-free,Vivera Plant Shawarma Kebab 175g,£2.65£15.14 / kg,
vegetarian-vegan-and-dairy-free,Quorn Vegetarian Sausage Rolls x3 210g,£3.10£14.76 / kg,
vegetarian-vegan-and-dairy-free,Richmond Vegan & Vegetarian Streaky Bacon Rashers x8 120g,£2.30£19.17 / kg,
vegetarian-vegan-and-dairy-free,Meatless Farm Plant-Based Mince 350g,£3.30£9.43 / kg,
vegetarian-vegan-and-dairy-free,Squeaky Bean Vegan Pastrami Style Sandwich Slices Ready To E...,£3.00£33.33 / kg,
vegetarian-vegan-and-dairy-free,Richmond Vegan & Vegetarian Back Bacon Rashers x6 120g,£2.30£19.17 / kg,
vegetarian-vegan-and-dairy-free,Pukka Vegan Sausage Roll 130g,£1.85£14.23 / kg,
vegetarian-vegan-and-dairy-free,"Higgidy Marinated Tomato, Broccoli & Spinach Vegan Quiche 38...",£4.60£12.11 / kg,
vegetarian-vegan-and-dairy-free,Richmond Vegan & Vegetarian Honey Roast Ham Style Slices x6 ...,£2.00£22.22 / kg,
vegetarian-vegan-and-dairy-free,Cauldron Extra Firm Tofu 220g,£2.05£9.32 / kg,
vegetarian-vegan-and-dairy-free,Quorn Garlic & Herb Bites 180g,£2.60£14.44 / kg,
vegetarian-vegan-and-dairy-free,Quorn Vegetarian Turkey & Stuffing Slices 170g,£2.85£16.76 / kg,
vegetarian-vegan-and-dairy-free,This Isn't Bacon Rashers 120g,£3.50£29.17 / kg,
vegetarian-vegan-and-dairy-free,Quorn Vegetarian Chicken Slices 170g,£2.85£16.76 / kg,
vegetarian-vegan-and-dairy-free,Quorn Vegetarian Peppered Steaks 196g,£3.50£17.86 / kg,
vegetarian-vegan-and-dairy-free,Richmond Vegan & Vegetarian Quarter Pounder Burgers x2 227g,£2.50£11.01 / kg,
vegetarian-vegan-and-dairy-free,This Isn't Pork Plant Based Caramelised Onion Sausages 270g,£3.75£13.89 / kg,
vegetarian-vegan-and-dairy-free,Quorn Vegan Pepperoni 100g,£2.70£27.00 / kg,
vegetarian-vegan-and-dairy-free,Quorn Sweet Chilli Bites 180g,£2.60£14.44 / kg,
vegetarian-vegan-and-dairy-free,The Vegetarian Butcher Impeckable Vegan Chicken Fillet 180g,£3.15£17.50 / kg,
vegetarian-vegan-and-dairy-free,Vivera Plant Salmon Fillet 200g,£3.50£17.50 / kg,
vegetarian-vegan-and-dairy-free,The Tofoo Co. Original Seitan 225g,£2.50£11.11 / kg,
vegetarian-vegan-and-dairy-free,Higgidy Hoisin Pulled Mushroom & Spring Onion Rolls 160g,£3.50£21.88 / kg,
vegetarian-vegan-and-dairy-free,Pukka Vegan Chicken & Mushroom Pie 210g,£2.25£10.71 / kg,
vegetarian-vegan-and-dairy-free,Ginsters Vegan Quorn Pasty 180g,£2.00£11.11 / kg,
vegetarian-vegan-and-dairy-free,Squeaky Bean Crispy Bacon Style Strips 50g,£2.75£55.00 / kg,
vegetarian-vegan-and-dairy-free,Pukka Vegan Minced Steak & Onion Pie 210g,£2.25£10.71 / kg,
vegetarian-vegan-and-dairy-free,Quorn Brilliant Bangers 270g,£2.85£10.56 / kg,
vegetarian-vegan-and-dairy-free,Squeaky Bean Chargrilled Cajun Mini Fillets 120g,£3.40£28.33 / kg,
vegetarian-vegan-and-dairy-free,Sainsbury's Green Veg & Mozzarella Risotto Balls x6 300g,£3.00£10.00 / kg,
fresh-fruit,Sainsbury's Fairtrade Bananas x5,78p16p / ea,
fresh-fruit,Sainsbury's Fairtrade Bananas Loose,90p / kg90p / kg,
fresh-fruit,Sainsbury's Strawberries 400g,£2.60£6.50 / kg,
fresh-fruit,Sainsbury's Red Seedless Grapes 500g,"£1.60with Nectar
£2.00£4.00 / kg",
fresh-fruit,Sainsbury's Blueberries 150g,£2.00£13.33 / kg,
fresh-fruit,Sainsbury's Raspberries 150g,"£1.80with Nectar
£2.00£13.33 / kg",
fresh-fruit,Sainsbury's Fairtrade Bananas x8,£1.30£1.30 / ea,
fresh-fruit,"Sainsbury's Easy Peelers, Taste the Difference 600g",£2.20£3.67 / kg,
fresh-fruit,Sainsbury's Strawberries 250g,£2.25£9.00 / kg,
fresh-fruit,Sainsbury's Blueberries 300g,£3.10£10.33 / kg,
fresh-fruit,Sainsbury's White Seedless Grapes 500g,£2.00£4.00 / kg,
fresh-fruit,Sainsbury's Easy Peelers 600g,"£1.10with Nectar
£1.35£2.25 / kg",
fresh-fruit,Sainsbury's Royal Gala Apples x6,£1.7028p / ea,
fresh-fruit,"Sainsbury's Small Bananas, Fairtrade x8",£1.0013p / ea,
fresh-fruit,Sainsbury's Pink Lady Apples x6,£2.9048p / ea,
fresh-fruit,Sainsbury's Pink Lady Apples x4,"£1.80with Nectar
£2.5063p / ea",
fresh-fruit,Sainsbury's Limes,24p24p / ea,
fresh-fruit,Sainsbury's Raspberries 250g,£3.50£14.00 / kg,
fresh-fruit,Sainsbury's Braeburn Apples x6,£1.7028p / ea,
fresh-fruit,Sainsbury's Lemons Unwaxed minimum 5,£1.5030p / ea,
fresh-fruit,Sainsbury's Red & White Seedless Grapes 500g,£2.00£4.00 / kg,
fresh-fruit,"Sainsbury's Nectarines, Ripe & Ready x4",£3.0075p / ea,
fresh-fruit,Sainsbury's Nectarine Punnet (Min x4),"£1.25with Nectar
£1.7043p / ea",
fresh-fruit,Stamford Street Co. Mini Apples x6,99p17p / ea,
fresh-fruit,Sainsbury's Conference Pears x4,£1.6040p / ea,
fresh-fruit,Stamford Street Co. Unwaxed Lemons x5,99p20p / ea,
fresh-fruit,Sainsbury's Granny Smith Apples x6,£1.7028p / ea,
fresh-fruit,Sainsbury's Honeydew Melon,£1.89£1.89 / ea,
fresh-fruit,Sainsbury's Cherries 250g,£3.00£12.00 / kg,
fresh-fruit,"Sainsbury's Oranges, Taste the Difference x4",£2.2556p / ea,
fresh-fruit,"Sainsbury's Conference Pears, Ripe & Ready x4",£2.3058p / ea,
fresh-fruit,Sainsbury's Kiwi Fruit x6,£1.1920p / ea,
fresh-fruit,"Sainsbury's Fairtrade Bananas, SO Organic x6",£1.8030p / ea,
fresh-fruit,Sainsbury's Crownless Pineapple,£1.00£1.00 / ea,
fresh-fruit,Sainsbury's Limes x5,£1.1824p / ea,
fresh-fruit,"Sainsbury's Royal Gala Apples, SO Organic x6","£1.75with Nectar
£2.3539p / ea",
fresh-fruit,Stamford Street Co. Easy Peelers,99p£1.65 / kg,
fresh-fruit,Sainsbury's Flat Peach,£1.3033p / ea,
fresh-fruit,Sainsbury's Mango Single,88p88p / ea,
fresh-fruit,Sainsbury's Oranges x5,"£1.10with Nectar
£1.5030p / ea",
fresh-fruit,Sainsbury's Jazz Apples x6,£2.3539p / ea,
fresh-fruit,Sainsbury's Watermelon,£3.50£3.50 / ea,
fresh-fruit,Sainsbury's Baby Watermelon,£2.30£2.30 / ea,
fresh-fruit,Sainsbury's Red Grapefruit,55p55p / ea,
fresh-fruit,Sainsbury's Cantaloupe Melon,£2.00£2.00 / ea,
fresh-fruit,"Sainsbury's Raspberries, Taste the Difference 150g",£2.70£18.00 / kg,
fresh-fruit,Sainsbury's Pomegranate 80g,£1.40£17.50 / kg,
fresh-fruit,Sainsbury's Oranges Large x4,£2.0050p / ea,
fresh-fruit,"Sainsbury's Peaches, Ripe & Ready x4",£2.5063p / ea,
fresh-fruit,Sainsbury's Plum Punnet 400g,£1.29£3.23 / kg,
fresh-fruit,"Sainsbury's Lemons Unwaxed, SO Organic x3","£1.40with Nectar
£1.9063p / ea",
fresh-fruit,Sainsbury's Ripe & Ready Kiwi x4,£1.5038p / ea,
fresh-fruit,"Sainsbury's Gold Kiwi, Taste the Difference",£2.5063p / ea,
fresh-fruit,"Sainsbury's Cotton Candy Seedless Grapes, Taste the Differen...","£2.20with Nectar
£2.50£6.25 / kg",
fresh-fruit,"Sainsbury's Blueberries, SO Organic 150g",£2.90£19.33 / kg,
fresh-fruit,Stamford Street Co. Mini Pears 550g,99p£1.80 / kg,
fresh-fruit,Sainsbury's Peach Punnet (Min x4),"£1.25with Nectar
£1.5038p / ea",
fresh-fruit,Sainsbury's Mango 120g,£1.40£11.67 / kg,
fresh-fruit,Sainsbury's Conference Pear Single,50p50p / ea,
fresh-fruit,Sainsbury's Galia Melon,£2.00£2.00 / ea,
fresh-salad,Florette Classic Crispy 140g,"£1.00with Nectar
£1.50£1.07 / 100g",
fresh-salad,Florette Mixed 125g,£1.25£1.00 / 100g,
fresh-salad,Sainsbury's Whole Cucumber,89p89p / ea,
fresh-salad,Sainsbury's Red Pepper,65p65p / ea,
fresh-salad,Sainsbury's Sweet Peppers (Colours may vary) x3,£1.9565p / ea,
fresh-salad,Sainsbury's Spring Onions Bunch 100g,75p75p / ea,
fresh-salad,Sainsbury’s Medium Ripe & Ready Avocados x2,£1.5075p / ea,
fresh-salad,"Sainsbury's Vittoria Cherry Vine Tomatoes, Taste the Differe...",£2.25£9.00 / kg,
fresh-salad,Sainsbury's Iceberg Lettuce,95p95p / ea,
fresh-salad,Sainsbury's Little Gem Lettuce x2,"60pwith Nectar
80p40p / ea",
fresh-salad,Sainsbury's Wild Rocket 60g,£1.00£1.67 / 100g,
fresh-salad,Sainsbury's Baby Leaf Spinach 120g,£1.0083p / 100g,
fresh-salad,Sainsbury's Classic Round Tomatoes x6,99p17p / ea,
fresh-salad,Sainsbury's Baby Plum Tomatoes 325g,95p£2.92 / kg,
fresh-salad,"Sainsbury's Majestic Vine Ripened Tomatoes, Taste the Differ...","£1.60with Nectar
£2.00£6.67 / kg",
fresh-salad,"Sainsbury's Jubilee Large Vine Tomatoes, Taste the Differenc...",£2.00£4.44 / kg,
fresh-salad,Sainsbury's Small Whole Cucumber,65p£3.61 / kg,
fresh-salad,Sainsbury's Sweet Gem Lettuce x2,£1.0050p / ea,
fresh-salad,Sainsbury's Large Whole Cucumber,£1.05£1.05 / ea,
fresh-salad,Sainsbury's Celery,80p80p / ea,
fresh-salad,Sainsbury's Cherry Tomatoes 300g,£1.00£3.33 / kg,
fresh-salad,By Sainsbury’s Large Ripe & Ready Avocado,"75pwith Nectar
89p89p / ea",
fresh-salad,Sainsbury's Yellow Pepper,65p65p / ea,
fresh-salad,Sainsbury's Bistro Salad 150g,£1.3590p / 100g,
fresh-salad,Sainsbury's Celery Sticks 250g,"70pwith Nectar
90p£3.60 / kg",
fresh-salad,Sainsbury's Baby Leaf Spinach 200g,£1.45£7.25 / kg,
fresh-salad,Sainsbury's Baby Leaf Salad 90g,£1.00£1.11 / 100g,
fresh-salad,Sainsbury's Large Vine Tomatoes 500g,£1.25£2.50 / kg,
fresh-salad,"Sainsbury's Pomodorino Baby Plum Tomatoes, Taste the Differe...",£1.90£7.60 / kg,
fresh-salad,"Sainsbury's Romaine Lettuce Hearts, Twin Pack x2",£1.1558p / ea,
fresh-salad,Stamford Street Co. Peppers 600g,£1.60£2.67 / kg,
fresh-salad,Sainsbury's Young Spinach 260g,£1.35£5.19 / kg,
fresh-salad,Sainsbury's Green Pepper,65p65p / ea,
fresh-salad,Sainsbury's Butterhead Salad 90g,"85pwith Nectar
£1.00£1.11 / 100g",
fresh-salad,Sainsbury's Radish 240g,65p65p / ea,
fresh-salad,Sainsbury's Baby Cucumbers 200g,£1.00£5.00 / kg,
fresh-salad,Sainsbury's Iceberg Lettuce 200g,75p38p / 100g,
fresh-salad,Sainsbury's Beetroot Vacuum Pack 250g,70p28p / 100g,
fresh-salad,"Sainsbury's Baby Sweet Peppers, Taste the Difference 270g",£2.00£7.41 / kg,
fresh-salad,Sainsbury's Mixed Leaf Salad 180g,"£1.40with Nectar
£1.6592p / 100g",
fresh-salad,Sainsbury's Italian Style Salad 100g,£1.35£1.35 / 100g,
fresh-salad,Sainsbury's Spinach Watercress & Rocket 100g,£1.35£1.35 / 100g,
fresh-salad,Sainsbury's Watercress 60g,"85pwith Nectar
£1.00£1.67 / 100g",
fresh-salad,"Sainsbury's Lettuce, Round",80p80p / ea,
fresh-salad,Sainsbury's Cherry Tomatoes 500g,£1.45£2.90 / kg,
fresh-salad,"Sainsbury's Whole Cucumber, SO Organic",£1.20£1.20 / ea,
fresh-salad,"Sainsbury's Best of British Tomatoes, Taste the Difference 2...",£2.25£9.00 / kg,
fresh-salad,"Sainsbury's Sundream Plum Vine Tomatoes, Taste the Differenc...","£1.65with Nectar
£2.20£8.80 / kg",
fresh-salad,By Sainsbury’s 4 Small Ripe & Ready Avocados,£2.5063p / ea,
fresh-salad,"Sainsbury's Medium Ripe & Ready Avocados, SO Organic x2","£2.20with Nectar
£2.60£1.30 / ea",
fresh-salad,"Sainsbury's Cos Lettuce, Mini Red x2","80pwith Nectar
£1.0050p / ea",
fresh-salad,Sainsbury's Caesar Salad 265g,£2.0075p / 100g,
fresh-salad,Sainsbury's Lambs Lettuce 60g,£1.00£1.67 / 100g,
fresh-salad,"Sainsbury's Cocktail Beetroot, Taste the Difference 200g",£1.3568p / 100g,
fresh-salad,"Sainsbury's Salad Onions, Large 130g",£1.00£1.00 / ea,
fresh-salad,Sainsbury's Orange Pepper,65p65p / ea,
fresh-salad,Sainsbury's Beetroot In Vinegar 300g,85p28p / 100g,
fresh-salad,Sainsbury's British Fresh Salad Cress 20g,40p20p / 10g,
fresh-salad,Sainsbury's Sweet Leaf Salad 250g,95p38p / 100g,
fresh-vegetables,Sainsbury's Broccoli Loose,£2.30 / kg£2.30 / kg,
fresh-vegetables,Sainsbury's Red Pepper,65p65p / ea,
fresh-vegetables,Sainsbury's Sweet Peppers (Colours may vary) x3,£1.9565p / ea,
fresh-vegetables,Sainsbury's Carrots 1kg,69p69p / kg,
fresh-vegetables,Sainsbury's Spring Onions Bunch 100g,75p75p / ea,
fresh-vegetables,Sainsbury’s Medium Ripe & Ready Avocados x2,£1.5075p / ea,
fresh-vegetables,Sainsbury's Tenderstem Broccoli 200g,£1.60£8.00 / kg,
fresh-vegetables,Sainsbury's Chestnut Closed Cup Vitamin D Mushrooms 300g,"95pwith Nectar
£1.29£4.30 / kg",
fresh-vegetables,"Sainsbury's Vittoria Cherry Vine Tomatoes, Taste the Differe...",£2.25£9.00 / kg,
fresh-vegetables,Sainsbury's Maris Piper Potatoes 2kg,£1.8090p / kg,
fresh-vegetables,Sainsbury's Brown Onions x3,£1.1037p / ea,
fresh-vegetables,Sainsbury's Baby Potatoes 1kg,£1.10£1.10 / kg,
fresh-vegetables,Sainsbury’s Carrots Loose,69p / kg69p / kg,
fresh-vegetables,Sainsbury's Baking Potatoes x4,85p21p / ea,
fresh-vegetables,Sainsbury's Onions Loose,99p / kg99p / kg,
fresh-vegetables,Sainsbury's Red Onions x3,£1.1037p / ea,
fresh-vegetables,Sainsbury's Baby Leaf Spinach 120g,£1.0083p / 100g,
fresh-vegetables,Sainsbury's Classic Round Tomatoes x6,99p17p / ea,
fresh-vegetables,Sainsbury's Red Onions Loose,95p / kg95p / kg,
fresh-vegetables,Sainsbury's Baby Plum Tomatoes 325g,95p£2.92 / kg,
fresh-vegetables,Sainsbury's Courgettes 500g,£1.45£2.90 / kg,
fresh-vegetables,"Sainsbury's Majestic Vine Ripened Tomatoes, Taste the Differ...","£1.60with Nectar
£2.00£6.67 / kg",
fresh-vegetables,Sainsbury's Carrots 500g,55p£1.10 / kg,
fresh-vegetables,"Sainsbury's Jubilee Large Vine Tomatoes, Taste the Differenc...",£2.00£4.44 / kg,
fresh-vegetables,Sainsbury's White Potatoes 2kg,£1.3568p / kg,
fresh-vegetables,"Sainsbury's Carrots, SO Organic 700g","95pwith Nectar
£1.25£1.79 / kg",
fresh-vegetables,Sainsbury's Cauliflower,£1.30£1.30 / ea,
fresh-vegetables,"Sainsbury's Baby Gems Potatoes, Summer Edition, Taste the Di...","£1.00with Nectar
£1.40£1.87 / kg",
fresh-vegetables,Sainsbury's Garlic,22p22p / ea,
fresh-vegetables,Sainsbury's Onions 1kg,£1.10£1.10 / kg,
fresh-vegetables,Sainsbury's Closed Cup Mushrooms Vitamin D 400g,£1.29£3.23 / kg,
fresh-vegetables,Sainsbury's Courgettes Loose,£2.78 / kg£2.78 / kg,
fresh-vegetables,Sainsbury's Aubergine,95p95p / ea,
fresh-vegetables,Sainsbury's Baking Potatoes Loose,79p / kg79p / kg,
fresh-vegetables,Sainsbury's Fine Green Beans 200g,£1.30£6.50 / kg,
fresh-vegetables,Sainsbury's Cherry Tomatoes 300g,£1.00£3.33 / kg,
fresh-vegetables,By Sainsbury’s Large Ripe & Ready Avocado,"75pwith Nectar
89p89p / ea",
fresh-vegetables,Sainsbury's Yellow Pepper,65p65p / ea,
fresh-vegetables,Sainsbury's Sweet Potato 1.25kg,£1.49£1.19 / kg,
fresh-vegetables,Sainsbury's Extra Fine Beans 200g,£1.50£7.50 / kg,
fresh-vegetables,"Sainsbury's Vivaldi Baking Potatoes, Taste the Difference x4...",£1.6040p / ea,
fresh-vegetables,Sainsbury's Baking Potatoes 2kg,£1.8090p / kg,
fresh-vegetables,Sainsbury's Baby Leaf Spinach 200g,£1.45£7.25 / kg,
fresh-vegetables,Sainsbury's Large Vine Tomatoes 500g,£1.25£2.50 / kg,
fresh-vegetables,Sainsbury's Sweet Potatoes Loose,£1.19 / kg£1.19 / kg,
fresh-vegetables,"Sainsbury's Pomodorino Baby Plum Tomatoes, Taste the Differe...",£1.90£7.60 / kg,
fresh-vegetables,Sainsbury's White Baby Button Vitamin D Mushrooms 200g,£1.15£5.75 / kg,
fresh-vegetables,Sainsbury's Sugar Snap Peas 200g,£1.55£7.75 / kg,
fresh-vegetables,Stamford Street Co. Peppers 600g,£1.60£2.67 / kg,
fresh-vegetables,Sainsbury's Leeks 500g,£1.39£2.78 / kg,
fresh-vegetables,Sainsbury's Young Spinach 260g,£1.35£5.19 / kg,
fresh-vegetables,Sainsbury's Sweetcorn Cobettes x4,£1.3033p / ea,
fresh-vegetables,Sainsbury's Green Pepper,65p65p / ea,
fresh-vegetables,"Sainsbury's Broccoli, SO Organic 300g",£1.40£4.67 / kg,
fresh-vegetables,Sainsbury's Red Onions 1kg,£1.10£1.10 / kg,
fresh-vegetables,Sainsbury's Sweetheart Cabbage,85p85p / ea,
fresh-vegetables,Sainsbury's Kale 200g,79p£3.95 / kg,
fresh-vegetables,Sainsbury's Garlic x4,89p22p / ea,
fresh-vegetables,Sainsbury's Asparagus Spears 250g,£1.99£7.96 / kg,
frozen-fruit-and-vegetables,Sainsbury's Frozen Blueberries 400g,£2.95£7.38 / kg,
frozen-fruit-and-vegetables,Sainsbury's Garden Peas 910g,£1.55£1.70 / kg,
frozen-fruit-and-vegetables,Sainsbury's Frozen Raspberries 350g,£3.25£9.29 / kg,
frozen-fruit-and-vegetables,Sainsbury's Broccoli Florets 900g,£1.07£1.19 / kg,
frozen-fruit-and-vegetables,Sainsbury's Petits Pois 910g,£1.75£1.92 / kg,
frozen-fruit-and-vegetables,"Sainsbury's Sweetcorn, Super Sweet 1kg",£1.80£1.80 / kg,
frozen-fruit-and-vegetables,Sainsbury's Frozen Mango Chunks 500g,£2.95£5.90 / kg,
frozen-fruit-and-vegetables,Sainsbury's Frozen Strawberries & Blueberries 400g,£2.95£7.38 / kg,
frozen-fruit-and-vegetables,Sainsbury's Whole Green Beans 900g,£1.07£1.19 / kg,
frozen-fruit-and-vegetables,Sainsbury's Mixed Vegetables 1kg,£1.65£1.65 / kg,
frozen-fruit-and-vegetables,Stamford Street Co. Peas 850g,£1.09£1.28 / kg,
frozen-fruit-and-vegetables,Sainsbury's Frozen Summer Fruits 500g,£3.30£6.60 / kg,
frozen-fruit-and-vegetables,Birds Eye Garden Peas 375g,£1.75£4.67 / kg,
frozen-fruit-and-vegetables,Sainsbury's Chopped Spinach 900g,£1.60£1.78 / kg,
frozen-fruit-and-vegetables,Sainsbury's Classic Vegetable Mix 1kg,£1.65£1.65 / kg,
frozen-fruit-and-vegetables,Sainsbury's Cauliflower Florets 900g,£1.50£1.67 / kg,
frozen-fruit-and-vegetables,Sainsbury's Frozen Whole Strawberries 350g,£2.95£8.43 / kg,
frozen-fruit-and-vegetables,Sainsbury's Frozen Dark Sweet Cherries 450g,£3.50£7.78 / kg,
frozen-fruit-and-vegetables,Sainsbury's Button Sprouts 1kg,£1.30£1.30 / kg,
frozen-fruit-and-vegetables,Stamford Street Co. Berry Mix 1kg,£3.50£3.50 / kg,
frozen-fruit-and-vegetables,Green Giant Original Sweetcorn 198g,£1.00£6.06 / kg,
frozen-fruit-and-vegetables,Sainsbury's Baby Whole Leaf Spinach 900g,£1.60£1.78 / kg,
frozen-fruit-and-vegetables,Sainsbury's Vegetable Medley 1kg,£1.65£1.65 / kg,
frozen-fruit-and-vegetables,Sainsbury's Garden Peas 1.81kg,£2.45£1.35 / kg,
frozen-fruit-and-vegetables,Sainsbury's Broccoli & Cauliflower Florets 900g,£1.50£1.67 / kg,
frozen-fruit-and-vegetables,Sainsbury's Inspired to Cook Chopped Garlic 75g,£1.75£23.33 / kg,
frozen-fruit-and-vegetables,Birds Eye Steamfresh Family Favourites Steam Bags x4 540g,£2.75£5.09 / kg,
frozen-fruit-and-vegetables,Sainsbury's Baby Carrots 900g,£1.50£1.67 / kg,
frozen-fruit-and-vegetables,Stamford Street Co. Sweetcorn 950g,£1.42£1.49 / kg,
frozen-fruit-and-vegetables,Sainsbury's Cauliflower Cheese 680g,£2.40£3.53 / kg,
frozen-fruit-and-vegetables,"Sainsbury's Petit Pois, Taste the Difference 750g",£2.50£3.33 / kg,
frozen-fruit-and-vegetables,Sainsbury's Frozen Berry Banana Smoothie Mix Strawberry & Ba...,£2.95£6.56 / kg,
frozen-fruit-and-vegetables,Sainsbury's Sliced Green Beans 900g,£1.50£1.67 / kg,
frozen-fruit-and-vegetables,Sainsbury's Frozen Black Forest Fruits 500g,£3.30£6.60 / kg,
frozen-fruit-and-vegetables,Sainsbury's Frozen Peach & Nectarine Slices 450g,£2.95£6.56 / kg,
frozen-fruit-and-vegetables,Sainsbury's Frozen Pineapple Chunks 450g,£2.95£6.56 / kg,
frozen-fruit-and-vegetables,"Sainsbury's Mango, Papaya & Pineapple Smoothie Mix 450g",£2.95£6.56 / kg,
frozen-fruit-and-vegetables,Sainsbury's Honey Glazed Roast Parsnips 600g,£2.30£3.83 / kg,
frozen-fruit-and-vegetables,Sainsbury's Classic Vegetable Base Mix 1kg,£2.00£2.00 / kg,
frozen-fruit-and-vegetables,Sainsbury's Petits Pois 1.81kg,£3.05£1.69 / kg,
frozen-fruit-and-vegetables,Birds Eye Country Mixed Vegetables 640g,£3.00£4.69 / kg,
frozen-fruit-and-vegetables,Sainsbury's Chopped Ginger 75g,£1.75£23.33 / kg,
frozen-fruit-and-vegetables,Sainsbury's Frozen Very Berry Smoothie Mix 450g,£2.95£6.56 / kg,
frozen-fruit-and-vegetables,Aunt Bessie's Honey Glazed Parsnips 500g,£3.35£6.70 / kg,
frozen-fruit-and-vegetables,Sainsbury's So Organic Garden Peas 500g,£2.00£4.00 / kg,
frozen-fruit-and-vegetables,Sainsbury's Romanesco Cauliflower,£1.40£1.40 / ea,
frozen-fruit-and-vegetables,Sainsbury's Sweet Potato Chunks 600g,£1.80£3.00 / kg,
frozen-fruit-and-vegetables,Stamford Street Co. Berry Mix 400g,£2.20£5.50 / kg,
frozen-fruit-and-vegetables,Birds Eye Steamfresh Creamy Cheese Vegetable Penne Pasta Mea...,£3.50£8.75 / kg,
frozen-fruit-and-vegetables,Birds Eye Supersweet Sweetcorn 640g,£3.00£4.69 / kg,
frozen-fruit-and-vegetables,Aunt Bessie's Duck Fat Roast Potatoes 700g,£4.50£6.43 / kg,
frozen-fruit-and-vegetables,Birds Eye Garden Peas & Sweetcorn 640g,£3.00£4.69 / kg,
frozen-fruit-and-vegetables,Birds Eye Steamfresh Golden Rice Steam Bags x2 380g,£2.75£7.24 / kg,
frozen-fruit-and-vegetables,Sainsbury's Vegetable Stewpack 1kg,£1.50£1.50 / kg,
frozen-fruit-and-vegetables,Merchant Gourmet Aromatic Korean Style Vegetables & Mixed Gr...,£2.50£6.25 / kg,
frozen-fruit-and-vegetables,Birds Eye Steamfresh Green Medley Steam Bags x2 300g,£2.75£9.17 / kg,
frozen-fruit-and-vegetables,Birds Eye Steamfresh Garden Mix Steam Bags x4 540g,£2.75£5.09 / kg,
frozen-fruit-and-vegetables,Birds Eye Steamfresh Mushroom Tagliatelle with a Creamy Sauc...,£3.50£8.75 / kg,
frozen-fruit-and-vegetables,Merchant Gourmet Herby Mediterranean Style Vegetables & Gian...,£2.50£6.25 / kg,
bacon-and-sausages,Cauldron Cumberland Vegetarian Sausages x6 276g,£3.10£11.23 / kg,
bacon-and-sausages,Cauldron Lincolnshire Vegetarian Sausages x6 276g,£3.10£11.23 / kg,
bacon-and-sausages,La Vie Plant Based Bacon Smoked Rashers x8 120g,£3.50£29.17 / kg,
bacon-and-sausages,"Sainsbury's Pork Sausages, Taste the Difference x10 667g","£2.90with Nectar
£4.50£6.75 / kg",
bacon-and-sausages,Sainsbury's Smoked Back Bacon Rashers x10 300g,£1.69£5.63 / kg,
bacon-and-sausages,"Sainsbury's British Pork Sausages, Taste the Difference x6 4...",£3.00£7.50 / kg,
bacon-and-sausages,Sainsbury's Unsmoked Back Bacon Rashers x10 300g,£1.69£5.63 / kg,
bacon-and-sausages,"Sainsburys British Pork Chipolata sausages, Taste the Differ...",£3.00£8.00 / kg,
bacon-and-sausages,"Sainsbury's Smoked Air Dried Streaky Bacon Rashers, Taste th...","£2.33with Nectar
£3.50£15.91 / kg",
bacon-and-sausages,"Sainsbury's British Pork Cumberland Sausages, Taste the Diff...","£2.00with Nectar
£3.00£7.50 / kg",
bacon-and-sausages,Sainsbury's Unsmoked Thick Cut Back Bacon Rashers x6 300g,£1.88£6.27 / kg,
bacon-and-sausages,Sainsbury's Butcher's choice British Pork Sausage x8 454g,£1.79£3.94 / kg,
bacon-and-sausages,"Sainsbury's British Pork and Red Onion Sausages, Taste the D...","£2.00with Nectar
£3.00£7.50 / kg",
bacon-and-sausages,Richmond Thick Pork Sausages x8 410g,"£1.75with Nectar
£2.50£6.10 / kg",
bacon-and-sausages,Sainsbury's Smoked 16 Back Bacon Rashers 2x250g,£2.69£5.38 / kg,
bacon-and-sausages,Sainsbury's Smoked Thick Cut Back Bacon Rashers X6 300g,£1.88£6.27 / kg,
bacon-and-sausages,Herta Frankfurter Hot Dogs x10 350g,"£2.30with Nectar
£2.7579p / 100g",
bacon-and-sausages,Sainsbury's Reduced Fat Unsmoked Bacon Medallions x8 200g,£1.59£7.95 / kg,
bacon-and-sausages,Stamford Street Co. Smoked Back Bacon Rashers 300g,£1.45£4.83 / kg,
bacon-and-sausages,Sainsbury's Smoked Streaky Bacon Rashers x14 300g,£2.29£7.63 / kg,
bacon-and-sausages,"Sainsbury's British Pork & Apple Sausages, Taste the Differe...",£3.00£7.50 / kg,
bacon-and-sausages,Sainsbury's Butcher's choice British Pork Sausage x12 681g,£2.69£3.95 / kg,
bacon-and-sausages,"Sainsbury's Unsmoked Air Dried Streaky Bacon Rashers, Taste ...","£2.33with Nectar
£3.50£15.91 / kg",
bacon-and-sausages,Sainsbury's Butcher's choice Cumberland British Pork Sausage...,£1.79£3.94 / kg,
bacon-and-sausages,Sainsbury's Unsmoked 16 Back Bacon Rashers 2x250g,£2.69£5.38 / kg,
bacon-and-sausages,Heck Chicken Italia Gluten Free Chipolata Sausages x10 340g,£3.25£9.56 / kg,
bacon-and-sausages,Sainsbury's Reduced Fat Smoked Bacon Medallions x8 200g,£1.59£7.95 / kg,
bacon-and-sausages,Heck Simply Chicken Gluten Free Chipolata Sausages x10 340g,"£2.50with Nectar
£3.25£9.56 / kg",
bacon-and-sausages,Heck 97% Pork Gluten Free Sausages x6 400g,"£2.50with Nectar
£3.25£8.13 / kg",
bacon-and-sausages,Sainsbury's Butcher's Choice British Pork Chipolata sausages...,£1.79£5.26 / kg,
bacon-and-sausages,Stamford Street Co. Unsmoked Back Bacon Rashers 300g,£1.45£4.83 / kg,
bacon-and-sausages,The Jolly Hog Proper Porker Sausage x6 400g,"£2.75with Nectar
£4.00£10.00 / kg",
bacon-and-sausages,Sainsbury's Unsmoked Reduced Salt Back Bacon Rashers x8 250g,£1.75£7.00 / kg,
bacon-and-sausages,Richmond Thick Pork Sausages x12 615g,£3.60£5.85 / kg,
bacon-and-sausages,The Bury Black Pudding Company Traditional Black Pudding Sli...,"£1.00with Nectar
£1.30£5.65 / kg",
bacon-and-sausages,Sainsbury's Butcher's Choice British Pork Sausagemeat 400g,£2.50£6.25 / kg,
bacon-and-sausages,Richmond Meat Free Vegan & Vegetarian Sausages x8 304g,£2.40£7.89 / kg,
bacon-and-sausages,"Sainsbury's Smoked Air Dried Bacon Lardons, Taste the Differ...","£2.50with Nectar
£3.75£23.44 / kg",
bacon-and-sausages,Sainsbury's Unsmoked Air Dried Wiltshire Cured Back Bacon Ra...,£3.50£14.58 / kg,
bacon-and-sausages,Sainsbury's Smoked Reduced Salt Back Bacon Rashers x8 250g,£1.75£7.00 / kg,
bacon-and-sausages,Sainsbury's Smoked Air Dried Wiltshire Cured Back Bacon Rash...,£3.50£14.58 / kg,
bacon-and-sausages,Sainsbury's Unsmoked Streaky Bacon Rashers x14 300g,£2.29£7.63 / kg,
bacon-and-sausages,"Sainsbury's Smoked Air Dried Dry Cured Back Bacon Rashers, T...",£3.50£15.91 / kg,
bacon-and-sausages,Herta Chicken Frankfurter Hot Dogs x10 350g,"£2.30with Nectar
£2.7579p / 100g",
bacon-and-sausages,Sainsbury's Butcher’s Choice Reduced Fat Cumberland British ...,£1.79£3.94 / kg,
bacon-and-sausages,Sainsbury's British Smoked Cooked Crispy Bacon rashers 50g,£2.75£5.50 / 100g,
bacon-and-sausages,"Sainsbury's Unsmoked Air Dried Thick Cut Back Bacon Rashers,...","£3.25with Nectar
£4.25£14.17 / kg",
bacon-and-sausages,Sainsbury's Fresh British Turkey Gluten Free Sausages x8 454...,£3.35£7.38 / kg,
bacon-and-sausages,"Sainsbury's Unsmoked Air Dried Dry Cured Back Bacon Rashers,...",£3.50£15.91 / kg,
bacon-and-sausages,Finnebrogue Naked Unsmoked Back Bacon Rashers x6 200g,"£2.40with Nectar
£3.60£18.00 / kg",
bacon-and-sausages,Stamford Street Co. Cooking Bacon 500g,£1.00£2.00 / kg,
bacon-and-sausages,Sainsbury's Butcher's Choice British Pork & British Bacon Pi...,£3.25£12.50 / kg,
bacon-and-sausages,Finnebrogue Naked Smoked Streaky Bacon Rashers x12 200g,"£2.40with Nectar
£3.60£18.00 / kg",
bacon-and-sausages,Mattessons Smoked Turkey Rashers Lightly x6 150g,"£2.00with Nectar
£2.50£16.67 / kg",
bacon-and-sausages,The Jolly Hog Outdoor Bred Smoked Back Bacon British Rashers...,£3.50£17.50 / kg,
bacon-and-sausages,"Black Farmer Premium Pork Sausages, Gluten Free x6 400g",£3.50£8.75 / kg,
bacon-and-sausages,Richmond Skinless Pork Sausages x12 319g,£2.60£8.15 / kg,
bacon-and-sausages,"Sainsbury's Thick Cut Back Bacon Rashers Air Dried Smoked, T...","£3.25with Nectar
£4.25£14.17 / kg",
beef,Sainsbury's British or Irish 5% Fat Beef Mince 500g,£5.19£10.38 / kg,
beef,Sainsbury's British or Irish 20% Fat Beef Mince 500g,£3.50£7.00 / kg,
beef,Sainsbury's British or Irish 5% Fat Beef Mince 250g,£3.00£12.00 / kg,
beef,Sainsbury's British or Irish 5% Fat Beef Mince 750g,£7.25£9.67 / kg,
beef,Sainsbury's British or Irish Beef Mince 1kg,£9.50£9.50 / kg,
beef,"Sainsbury's British Beef Mince 5% Fat , Taste the Difference...","£5.75with Nectar
£6.25£12.50 / kg",
beef,Sainsbury's 4 Quarter Pounder British Beef Burgers 454g,£3.75£8.26 / kg,
beef,Sainsbury's British or Irish 21 Day Matured Rump Steak 225g,£4.50£20.00 / kg,
beef,Sainsbury's British or Irish 12% Fat Beef Mince 500g,£5.00£10.00 / kg,
beef,Sainsbury's British or Irish Extra Lean Diced Beef 500g,£6.50£13.00 / kg,
beef,Sainsbury's Just Cook 21 Day Matured Beef Steaks with Black ...,"£5.00with Nectar
£6.25£20.83 / kg",
beef,Sainsbury's British or Irish 21 Day Matured Sizzler Steaks 3...,£5.25£15.00 / kg,
beef,"Sainsbury's Beef Mince 12% Fat , Taste the Difference 500g",£6.00£12.00 / kg,
beef,"Sainsbury's 2 Signature Beef Rib & Briskett Burgers, Taste t...",£4.25£12.50 / kg,
beef,Sainsbury's 10 Smash Burgers 750g,"£4.00with Nectar
£6.00£8.00 / kg",
beef,Sainsbury's Organic British Beef Mince 5% Fat 500g,£9.25£18.50 / kg,
beef,Sainsbury's British or Irish 21 Day Matured Sirloin Steak 22...,£7.00£31.11 / kg,
beef,Sainsbury's British or Irish 10% Fat 12 Beef Meatballs 350g,£3.65£10.43 / kg,
beef,Sainsbury's British or Irish Extra Lean Diced Beef 250g,£3.50£14.00 / kg,
beef,"Sainsbury's 30 Days Matured British Beef Sirloin Steak, Tast...","£7.00with Nectar
£7.75£34.44 / kg",
beef,Sainsbury's British or Irish 21 Day Matured Thin Cut Sirloin...,£5.00£32.26 / kg,
beef,"Sainsbury's Beef Meatballs, Taste the Difference 350g",£4.50£12.86 / kg,
beef,Sainsbury's British or Irish 5% Fat 12 Beef Meatballs 350g,£4.00£11.43 / kg,
beef,Sainsbury's Fresh British Turkey Meatballs x12 400g,£3.75£9.38 / kg,
beef,"Sainsbury's Beef Ranch Steaks with Garlic Butter, Taste the ...",£6.75£22.50 / kg,
beef,Smörgåsbord The Original Swedish Meatballs 400g,£2.75£6.88 / kg,
beef,Sainsbury's British or Irish 21 Day Matured Ribeye Steak 225...,£7.25£32.22 / kg,
beef,Sainsbury's 5% Fat Beef Mince 500g,£5.85£11.70 / kg,
beef,"Sainsbury's 4 British Beef Steak Burgers, Taste the Differen...",£7.00£10.29 / kg,
beef,"Sainsbury's 2 Beef Steak & Vintage Cheddar Burgers, Taste th...",£4.25£12.50 / kg,
beef,Sainsbury's 10% Fat Mini Beef Meatballs x20 350g,£3.75£10.71 / kg,
beef,"Sainsbury's 2 Beef Steak & Caramelised Onion Burgers, Taste ...",£4.25£12.50 / kg,
beef,Sainsbury's British or Irish 10% Fat 24 Meatballs 700g,£6.50£9.29 / kg,
beef,"Sainsbury's 2 Wagyu Beef Burger, Taste the Difference 340g",£5.00£14.71 / kg,
beef,"Sainsbury's 4 Extra Thin Lightly Seasoned Smash Burgers, Tas...",£4.25£12.50 / kg,
beef,"Sainsbury's 4 Quarter Pounder Beef Steak Burgers, Taste the ...",£5.00£11.01 / kg,
beef,Rustlers the Essential Cheese Burger with our Rich Tomato Re...,"£1.50with Nectar
£1.85£1.11 / 100g",
beef,"Sainsbury’s Yorkshire Pudding with British Beef Dripping, Ta...",£2.50£13.02 / kg,
beef,Sainsbury's British or Irish 21 Day Matured Extra Lean Beef ...,£9.00£18.00 / kg,
beef,"Sainsbury's 30 Days Matured British Beef Fillet Steak, Taste...",£14.58£54.00 / kg,
beef,Sainsbury's British or Irish Extra Lean Casserole Steak 500g,£6.25£12.50 / kg,
beef,"Sainsbury's 2 Smoked Brisket Burger, Taste the Difference 34...","£2.83with Nectar
£4.25£12.50 / kg",
beef,Sainsbury's Extra Lean Beef Medallion Steaks 340g,£6.00£17.65 / kg,
beef,Sainsbury's 4 Reduced Fat Quarter Pounder Beef Burgers 454g,£4.50£9.91 / kg,
beef,"Sainsbury's 2 Beef Steak Burgers, Taste the Difference 340g",£4.25£12.50 / kg,
beef,Sainsbury's British or Irish Diced Beef 500g,£6.00£12.00 / kg,
beef,Sainsbury's Sweet Chilli Beef Kebabs x6 360g,£4.50£12.50 / kg,
beef,"Sainsbury's 30 Days Matured British Beef Ribeye Steak, Taste...","£9.25with Nectar
£10.25£35.96 / kg",
beef,Sainsbury's Beef Skirt,£4.72£10.50 / kg,
beef,Sainsbury's 4 Quarter Pounder Lamb Burgers 454g,"£3.16with Nectar
£4.75£10.46 / kg",
beef,Sainsbury's 8 Quarter Pounder Beef Burgers 908g,£6.75£7.43 / kg,
beef,"Sainsbury's 30 Days Matured British Beef Rump Steak, Taste t...","£6.00with Nectar
£6.75£30.00 / kg",
beef,Sainsbury's British or Irish Stir Fry Beef 350g,£6.25£17.86 / kg,
beef,"Sainsbury's 2 Skinny Beef Burgers, Taste the Difference 227g",£3.50£15.42 / kg,
beef,Sainsbury’s Quick Cook Extra Thin British or Irish Beef 200g,£3.00£15.00 / kg,
beef,Sainsbury's Just Cook Beef Steaks with Peppercorn 370g,£7.00£18.92 / kg,
beef,"Sainsbury's Steak Casserole & Dumplings, Taste the Differenc...","£4.00with Nectar
£4.75£11.88 / kg",
beef,Sainsbury's 2 Quarter Pounder Beef Burgers 227g,£2.75£12.11 / kg,
beef,Sainsbury's 30 Days Matured British Beef Thin Cut Sirloin St...,£5.50£35.48 / kg,
chicken,Taste Inc. Protein Real Flamegrilled Chicken Breast Fillets ...,"£2.00with Nectar
£3.00£1.71 / 100g",
chicken,Sainsbury's 320g British Fresh Skinless & Boneless Chicken B...,£2.34£7.31 / kg,
chicken,Sainsbury's 1kg British Fresh Skinless & Boneless Chicken Br...,£6.49£6.49 / kg,
chicken,Sainsbury's 640g British Fresh Skinless & Boneless Chicken B...,£4.58£7.16 / kg,
chicken,Sainsbury's 1.6kg British Fresh Medium Whole Chicken,"£4.25with Nectar
£5.35£3.34 / kg",
chicken,Sainsbury's 400g British Fresh Diced Chicken Breast,"£3.00with Nectar
£3.95£9.88 / kg",
chicken,Sainsbury's Cooked Roast British Chicken Breast Fillets x2 2...,£3.50£1.46 / 100g,
chicken,Sainsbury's 640g British Fresh Skinless & Boneless Chicken T...,£5.75£8.98 / kg,
chicken,Sainsbury's 2kg British Fresh Skinless & Boneless Chicken Br...,£12.29£6.15 / kg,
chicken,Sainsbury's 320g British Fresh Chicken Breast Mini Fillets,£3.10£9.69 / kg,
chicken,Sainsbury's 1kg British Fresh Chicken Skin on Thighs,£2.99£2.99 / kg,
chicken,Sainsbury's 1kg British Chicken Thigh Fillets,£6.95£6.95 / kg,
chicken,Sainsbury's (Approx. 2.2kg) British Fresh Large Whole Chicke...,£6.46£2.87 / kg,
chicken,Sainsbury's 640g British Fresh Chicken Breast Mini Fillets,£5.50£8.59 / kg,
chicken,Sainsbury's Southern Fried Breaded Fresh British Chicken Min...,£3.50£11.48 / kg,
chicken,Sainsbury's Roast Whole Cooked British Chicken 894g - 1112g,"£5.00with Nectar
£6.2562p / 100g",
chicken,Sainsbury's 2kg British Fresh Chicken Skin on Thighs,£5.50£2.75 / kg,
chicken,Sainsbury's British Small Whole Chicken,£3.29£2.74 / kg,
chicken,Sainsbury's 1kg British Fresh Chicken Wings,£2.19£2.19 / kg,
chicken,Sainsbury's 1kg British Fresh Skin on Chicken Legs,£2.25£2.25 / kg,
chicken,"Sainsbury's 1.45kg Roast in the Bag Pork, Sage & Onion Stuff...","£5.75with Nectar
£6.50£4.64 / kg",
chicken,"Sainsbury's Mango, Coconut & Chilli Chicken Breast Sizzlers ...","£3.00with Nectar
£4.50£14.29 / kg",
chicken,Sainsbury's Fresh Breaded British Chicken Steaks x4 505g,£4.00£7.92 / kg,
chicken,Sainsbury's 320g British Fresh Chicken Thigh Fillets Skinles...,£3.50£10.94 / kg,
chicken,Sainsbury's Fresh British Chicken Breast Fillet garlic Kyiv ...,£4.75£12.18 / kg,
chicken,Sainsbury's 640g British Diced Chicken Breasts,£5.00£7.81 / kg,
chicken,"Sainsbury's 2 British Free Range Chicken Breast Fillets, Tas...",£6.20£20.00 / kg,
chicken,Sainsbury's 1kg British Fresh Chicken Skin on Drumsticks,£2.15£2.15 / kg,
chicken,Sainsbury's Fresh British Chicken Breaded Kyiv With garlic &...,£3.00£11.54 / kg,
chicken,Heck Chicken Italia Gluten Free Chipolata Sausages x10 340g,£3.25£9.56 / kg,
chicken,Sainsbury's Breaded Fresh British Chicken Breast Fillets x2 ...,"£3.00with Nectar
£3.75£10.71 / kg",
chicken,Heck Simply Chicken Gluten Free Chipolata Sausages x10 340g,"£2.50with Nectar
£3.25£9.56 / kg",
chicken,Sainsbury's Cajun British Chicken Breast Grills 330g,£4.20£12.73 / kg,
chicken,Sainsbury's Sweet Chilli Chicken Thighs 900g,"£3.00with Nectar
£4.50£5.00 / kg",
chicken,Sainsbury's Roast British Cooked Chicken Thighs 450g,"£3.25with Nectar
£4.0089p / 100g",
chicken,Sainsbury's Roast in the Bag Extra Tasty Whole Chicken Crown...,£6.50£9.29 / kg,
chicken,"Sainsbury's Smoky Caribbean Style Chicken Thigh Fillets, Tas...",£4.00£10.00 / kg,
chicken,Sainsbury's Breaded Fresh British Chicken Goujons 270g,£3.00£11.11 / kg,
chicken,Sainsbury's (Approx. 1.7kg) British Free Range Whole Chicken...,£13.27£7.50 / kg,
chicken,Sainsbury's Just Cook British Chicken Breast Garlic Crown 52...,"£4.00with Nectar
£5.00£9.26 / kg",
chicken,Sainsbury's Just Cook Hunters Chicken Breasts 430g,"£4.50with Nectar
£5.65£13.14 / kg",
chicken,Sainsbury's 2kg British Chicken Drumsticks,"£3.50with Nectar
£4.25£2.13 / kg",
chicken,Sainsbury's Buttermilk British Chicken Mini Fillets 305g,£3.75£12.30 / kg,
chicken,Sainsbury's Breaded Firecracker British Fresh Chicken Breast...,£3.50£11.48 / kg,
chicken,Sainsbury's (Approx. 360g) British Free Range Chicken Thigh ...,£5.62£15.60 / kg,
chicken,Sainsbury's Southern Fried Chicken Steak 380g,£1.69£4.45 / kg,
chicken,Sainsbury's Roast Boneless Cooked British Chicken Breast x4 ...,£6.75£1.41 / 100g,
chicken,The House of Chicken Buttermilk British Chicken Breast Burge...,£4.00£13.33 / kg,
chicken,Sainsbury's 540g British Fresh Chicken Skin on Thighs & Drum...,£2.00£3.70 / kg,
chicken,Sainsbury's Smoked Piri Piri British Chicken Breast Sizzlers...,£4.50£14.29 / kg,
chicken,Stamford Street Co. Hot & Spicy Cooked Chicken Breast 240g (...,£1.9983p / 100g,
chicken,Sainsbury's Southern Fried Breaded Fresh British Chicken gou...,"£2.25with Nectar
£3.00£11.11 / kg",
chicken,Sainsburys Southern fried Fresh British Chicken breast fille...,£3.75£11.90 / kg,
chicken,Sainsbury's (Approx. 590g) British Free Range Chicken Thigh ...,£3.30£5.60 / kg,
chicken,Sainsbury's Smoky Breaded British Chicken Schnitzel with a H...,"£3.37with Nectar
£4.50£12.86 / kg",
chicken,Sainsbury's British Fresh Chicken Livers 400g,£1.75£4.38 / kg,
chicken,Sainsbury's Just Cook Butter Basted Chicken 500g,£5.25£10.50 / kg,
chicken,Sainsbury's 1.45kg Roast in the Bag Basted Garlic & Parsley ...,£6.50£4.48 / kg,
chicken,"Sainsbury's Fresh British Chicken Breaded Kyiv, Taste the Di...",£6.50£13.83 / kg,
chicken,"Sainsbury's Amarillo Chilli & Lime Butterfly Chicken Breast,...",£6.00£11.21 / kg,
cooked-meats-ham-and-pate,Taste Inc. Protein Real Flamegrilled Chicken Breast Fillets ...,"£2.00with Nectar
£3.00£1.71 / 100g",
cooked-meats-ham-and-pate,Sainsbury's British Honey Roast Cooked Ham Slices x7 120g,£2.00£1.67 / 100g,
cooked-meats-ham-and-pate,Sainsbury's Cooked Roast British Chicken Breast Fillets x2 2...,£3.50£1.46 / 100g,
cooked-meats-ham-and-pate,Sainsbury's British Honey Roast Cooked Ham Slices x14 240g,"£2.25with Nectar
£2.75£1.15 / 100g",
cooked-meats-ham-and-pate,Deli Express British Drury Lane Cooked Ham Slices x4 150g,£2.95£1.97 / 100g,
cooked-meats-ham-and-pate,Sainsbury's Spanish Chorizo Ring 225g,"£2.25with Nectar
£2.50£1.11 / 100g",
cooked-meats-ham-and-pate,Fridge Raiders Slow Roasted Chicken Snack Bites 5x 22.5g,"£1.50with Nectar
£2.25£2.00 / 100g",
cooked-meats-ham-and-pate,Sainsbury's Air Dried English Honey Roast Wafer Thin Lean Co...,£3.25£2.71 / 100g,
cooked-meats-ham-and-pate,Sainsbury's Wafer Thin Brunswick Ham Slices 125g,£2.00£1.60 / 100g,
cooked-meats-ham-and-pate,Deli Express Roast Cooked British Beef Slices x5 130g,£3.25£2.50 / 100g,
cooked-meats-ham-and-pate,Stamford Street Co. Cooked Chicken Breast 240g,£1.9983p / 100g,
cooked-meats-ham-and-pate,Sainsbury's Chargrilled British Chicken Breast Slices 180g,"£2.50with Nectar
£3.35£1.86 / 100g",
cooked-meats-ham-and-pate,Sainsbury's British Wafer Thin Cooked Ham Slices 400g,£1.8947p / 100g,
cooked-meats-ham-and-pate,Sainsbury's Breaded Yorkshire Cured Cooked British Ham Slice...,£3.25£2.71 / 100g,
cooked-meats-ham-and-pate,Sainsbury's Honey Roast Wafer Thin Yorkshire Cured Ham Slice...,£3.25£2.71 / 100g,
cooked-meats-ham-and-pate,Sainsbury's British Breaded Cooked Ham Slices x14 240g,£2.75£1.15 / 100g,
cooked-meats-ham-and-pate,Sainsbury's Italian Milano Salami Slices 86g,£1.60£1.86 / 100g,
cooked-meats-ham-and-pate,Sainsbury's Roast British Cooked Breast Chicken Slices 180g,£3.50£1.94 / 100g,
cooked-meats-ham-and-pate,Stamford Street Co. Wafer Thin Ham Slices 400g,£1.9549p / 100g,
cooked-meats-ham-and-pate,Sainsbury's Roast Whole Cooked British Chicken 894g - 1112g,"£5.00with Nectar
£6.2562p / 100g",
cooked-meats-ham-and-pate,Sainsbury's French Torchon Ham x4 Slices 200g,£1.8995p / 100g,
cooked-meats-ham-and-pate,Stamford Street Co. Tikka Style Cooked Chicken Breast 240g,£1.9983p / 100g,
cooked-meats-ham-and-pate,Sainsbury's German Pizza Pepperoni Slices x32 100g,£1.00£1.00 / 100g,
cooked-meats-ham-and-pate,"Sainsbury's Wafer Thin Air Dried British Ham Slices, Taste t...",£3.25£2.71 / 100g,
cooked-meats-ham-and-pate,Herta Frankfurter Hot Dogs x10 350g,"£2.30with Nectar
£2.7579p / 100g",
cooked-meats-ham-and-pate,Peperami Original Salami 5x20g,£2.99£2.99 / 100g,
cooked-meats-ham-and-pate,Sainsbury's British Roast Cooked Chicken Breast Slices x8 13...,£2.25£1.67 / 100g,
cooked-meats-ham-and-pate,Peperami Original Salami Lunchbox Minis 10x10g,"£2.50with Nectar
£2.99£2.99 / 100g",
cooked-meats-ham-and-pate,Deli Express British Honey Roast Cooked Ham Slices x4 150g,"£2.25with Nectar
£2.95£1.97 / 100g",
cooked-meats-ham-and-pate,Stamford Street Co. Ham Slices x5 120g,88p73p / 100g,
cooked-meats-ham-and-pate,Sainsbury's Brussels Pate 170g,"£1.00with Nectar
£1.3076p / 100g",
cooked-meats-ham-and-pate,Sainsbury's British Wafer Thin Cooked Ham Slices 150g,"£1.50with Nectar
£1.80£1.20 / 100g",
cooked-meats-ham-and-pate,Sainsbury's Finely Sliced Yorkshire Dry Cured Cooked British...,£3.25£2.71 / 100g,
cooked-meats-ham-and-pate,Sainsbury's British Cooked Ham Slices x10 115g,£1.1096p / 100g,
cooked-meats-ham-and-pate,Sainsbury's Italian Cubetti Di Pancetta 200g,£2.75£1.38 / 100g,
cooked-meats-ham-and-pate,Sainsbury's Spanish Chorizo Slices x34 170g,£1.4082p / 100g,
cooked-meats-ham-and-pate,Sainsbury's British Cooked Chicken Breast Slices x10 115g,99p86p / 100g,
cooked-meats-ham-and-pate,Sainsbury's British Butter Roast Chicken 150g,£2.75£1.83 / 100g,
cooked-meats-ham-and-pate,Deli Express British Roast Cooked Turkey Slices x4 150g,£3.50£2.33 / 100g,
cooked-meats-ham-and-pate,Sainsbury's Chorizo Ring Mild 225g,£2.50£1.11 / 100g,
cooked-meats-ham-and-pate,Sainsbury's British Wafer Thin Cooked Chicken Slices 400g,£2.2957p / 100g,
cooked-meats-ham-and-pate,Sainsbury's British Wafer Thin Honey Cured Ham Slices 400g,£2.3559p / 100g,
cooked-meats-ham-and-pate,Sainsbury's German Bavarian Smoked Ham Slices x5 100g,99p99p / 100g,
cooked-meats-ham-and-pate,Sainsbury's Italian Parma Ham Slices x6 80g,£3.00£3.75 / 100g,
cooked-meats-ham-and-pate,Sainsbury's Spanish Diced Chorizo 150g,£2.75£1.83 / 100g,
cooked-meats-ham-and-pate,Sainsbury's Inspired to Cook Italian Beechwood Smoked Diced ...,"£2.50with Nectar
£2.75£1.38 / 100g",
cooked-meats-ham-and-pate,Sainsbury's Air Dried Oak Smoked Wafer Thin Cooked British H...,£3.25£2.71 / 100g,
cooked-meats-ham-and-pate,Sainsbury's Italian Prosciutto Crudo x9 120g,£1.89£1.58 / 100g,
cooked-meats-ham-and-pate,Sainsbury's Smoked Mackerel Pate 100g,"£1.30with Nectar
£1.50£1.50 / 100g",
cooked-meats-ham-and-pate,Fridge Raiders Southern Style Chicken Snack Bites 5x 22.5g,"£1.50with Nectar
£2.25£2.00 / 100g",
cooked-meats-ham-and-pate,Sainsbury's Sweet & Smokey BBQ Sliced British Chicken Breast...,"£2.50with Nectar
£3.35£1.86 / 100g",
cooked-meats-ham-and-pate,Sainsbury's Italian Milano Salami Slices x10 53g,£1.10£2.08 / 100g,
cooked-meats-ham-and-pate,Sainsbury's Italian Pepperoni 100g,£1.60£1.60 / 100g,
cooked-meats-ham-and-pate,Sainsbury's British Cooked Honey Roast Ham Slices x10 115g,£1.1096p / 100g,
cooked-meats-ham-and-pate,Sainsbury's Brussels Spreadable Pate 175g,£1.0057p / 100g,
cooked-meats-ham-and-pate,Fridge Raiders Slow Roasted Chicken Snack Bites 3x 22.5g,£1.70£2.52 / 100g,
cooked-meats-ham-and-pate,Sainsbury's Serrano Ham 100g,£1.89£1.89 / 100g,
cooked-meats-ham-and-pate,Finnebrogue Naked Deli Ham Slices x5 100g,£2.00£2.00 / 100g,
cooked-meats-ham-and-pate,Sainsbury's Ardennes Pate 170g,"£1.00with Nectar
£1.3076p / 100g",
fish-and-seafood,Sainsbury's Sea Bass Fillets ASC 180g,"£3.49with Nectar
£4.65£25.83 / kg",
fish-and-seafood,Sainsbury's Skin on & Boneless Smoked MSC Haddock Fillets 24...,"£4.50with Nectar
£5.25£21.88 / kg",
fish-and-seafood,"Sainsbury's Skin on MSC Smoked Haddock Loins, Taste the Diff...","£5.50with Nectar
£5.95£23.80 / kg",
fish-and-seafood,Sainsbury's Skin on ASC Scottish Salmon Fillets x2 240g,£4.50£18.75 / kg,
fish-and-seafood,Mowi Scottish Salmon Fillets 230g,"£3.97with Nectar
£5.95£25.87 / kg",
fish-and-seafood,Sainsbury's ASC Scottish Mild Smoked Salmon 100g (Ready to E...,"£2.50with Nectar
£3.75£3.75 / 100g",
fish-and-seafood,Sainsbury's British Smoked Mackerel Fillets 140g,"£1.75with Nectar
£2.15£1.54 / 100g",
fish-and-seafood,Sainsbury's Large King Prawns ASC 150g,"£2.50with Nectar
£3.75£2.50 / 100g",
fish-and-seafood,Sainsbury's Skin on ASC Scottish Salmon Fillets x4 480g,£8.95£18.65 / kg,
fish-and-seafood,Stamford Street Co. ASC Salmon Fillets x2 240g,£3.59£14.96 / kg,
fish-and-seafood,Sainsbury's Skinless ASC Scottish Salmon Fillets x2 220g,"£5.25with Nectar
£5.95£27.05 / kg",
fish-and-seafood,Sainsbury's MSC Seafood Sticks x16 250g,"£1.00with Nectar
£1.2550p / 100g",
fish-and-seafood,Sainsbury's Peeled Coldwater Prawns MSC 150g,"£1.95with Nectar
£2.95£1.97 / 100g",
fish-and-seafood,Sainsbury's Fishcakes Melting Middle MSC Cod & Parsley Sauce...,"£2.25with Nectar
£3.00£10.34 / kg",
fish-and-seafood,"Sainsbury's Large King Prawns ASC, Taste the Difference 150g",£4.25£2.83 / 100g,
fish-and-seafood,"Sainsbury's ASC Oak Smoked Scottish Salmon, Taste the Differ...",£4.75£4.75 / 100g,
fish-and-seafood,Stamford Street Co. Scottish Smoked Salmon 100g,£2.49£2.49 / 100g,
fish-and-seafood,"Sainsbury's Scottish Salmon, Spinach & Lemon Fishcakes, Tast...","£2.25with Nectar
£3.25£11.21 / kg",
fish-and-seafood,"Sainsbury's Yellowfin Tuna, Taste the Difference 240g",£7.95£33.13 / kg,
fish-and-seafood,Sainsbury's Fishcakes Melting Middle Smoked MSC Haddock with...,£3.25£11.21 / kg,
fish-and-seafood,Sainsbury's Scottish Smoked Salmon Trimmings 100g (Ready to ...,"£1.75with Nectar
£1.95£1.95 / 100g",
fish-and-seafood,Sainsbury's Sweet Chilli ASC Scottish Salmon Portions x2 180...,£5.95£3.31 / 100g,
fish-and-seafood,Harbour Salmon Co. Salmon Joint 750g,"£9.95with Nectar
£18.00£24.00 / kg",
fish-and-seafood,Sainsbury's Fishcakes Scottish Salmon x2 270g,£1.95£7.22 / kg,
fish-and-seafood,Sainsbury's Smoked Mackerel Pate 100g,"£1.30with Nectar
£1.50£1.50 / 100g",
fish-and-seafood,"Sainsbury's Large Atlantic MSC Coldwater Prawns, Taste the D...",£3.95£2.63 / 100g,
fish-and-seafood,Fish Said Fred 2 Big Cod Fillets 300g,"£5.21with Nectar
£6.95£23.17 / kg",
fish-and-seafood,"Sainsburys ASC Scottish Hickory Wood Smoked Salmon, Taste th...","£3.95with Nectar
£4.75£4.75 / 100g",
fish-and-seafood,Sainsbury's MSC Cod Fishcakes x2 270g,£1.95£7.22 / kg,
fish-and-seafood,"Sainsbury's Beer Battered MSC Cod Fillets, Taste the Differe...","£4.69with Nectar
£6.25£16.23 / kg",
fish-and-seafood,Sainsbury's Lightly Dusted MSC Cod Fillets x2 255g,£4.50£17.65 / kg,
fish-and-seafood,"Sainsbury's Loch Trout Fillets, Taste the Difference x2 240g",£4.95£20.63 / kg,
fish-and-seafood,Sainsbury’s Sea Bass Fillets ASC x4 360g,£7.95£22.08 / kg,
fish-and-seafood,Sainsbury's Honey Roast ASC Scottish Salmon Flakes 80g (Read...,£3.50£4.38 / 100g,
fish-and-seafood,Sainsbury's Basa Fillets ASC 250g,£1.95£7.80 / kg,
fish-and-seafood,Sainsbury's Skin on ASC lightly Smoked Scottish Salmon Fille...,£6.50£27.08 / kg,
fish-and-seafood,Sainsburys Hebridean Kiln Dried Thick Sliced ASC Scottish Sm...,£4.75£4.75 / 100g,
fish-and-seafood,"Sainsbury's King Prawn & Lobster Thermidor Fishcakes, Taste ...",£3.25£11.21 / kg,
fish-and-seafood,Whitby Seafoods Wholetail Scampi 200g,"£2.63with Nectar
£3.95£19.75 / kg",
fish-and-seafood,"Sainsbury's Large Raw Peeled King Prawns ASC, Taste the Diff...","£3.00with Nectar
£3.95£23.94 / kg",
fish-and-seafood,Sainsbury's Skin on ASC Scottish Salmon Fillet 600g,£10.95£18.25 / kg,
fish-and-seafood,"Sainsbury's Skin on ASC Scottish Salmon Fillets, So Organic ...",£6.95£28.96 / kg,
fish-and-seafood,Sainsbury's Salmon Pate 100g,£1.50£1.50 / 100g,
fish-and-seafood,Mowi Smoked Scottish Salmon Slices x4 100g,£5.75£5.75 / 100g,
fish-and-seafood,Sainsbury's British Mackerel Fillets x2 180g,"£2.25with Nectar
£2.95£16.39 / kg",
fish-and-seafood,Sainsbury’s Lightly Dusted Basa fillets ASC x2 265g,£2.95£11.13 / kg,
fish-and-seafood,Sainsbury's Scottish Smoked Salmon 200g,£6.95£3.48 / 100g,
fish-and-seafood,Sainsbury's Raw King Prawns ASC 165g,£2.99£18.12 / kg,
fish-and-seafood,Sainsbury's Coldwater Prawn Cocktail MSC 170g,£2.75£1.62 / 100g,
fish-and-seafood,"Sainsbury's Coldwater MSC Prawn Cocktail, Taste the Differen...",£3.00£1.76 / 100g,
fish-and-seafood,Sainsbury's British Hot Smoked Peppered Mackerel Fillets x2 ...,£4.20£15.00 / kg,
fish-and-seafood,Sainsbury's Steamed ASC Scottish Salmon Portions x2 180g (Re...,"£4.95with Nectar
£5.95£3.31 / 100g",
fish-and-seafood,Sainsbury's MSC Haddock Fishcakes x2 270g,"£1.65with Nectar
£1.95£7.22 / kg",
fish-and-seafood,Sainsbury’s Smoked Basa fillets ASC 240g,£1.95£8.13 / kg,
fish-and-seafood,Harbour Salmon Co. Salmon Fillet Infusions Red Thai 220g,£3.89£17.68 / kg,
fish-and-seafood,Sainsbury's Chilli & Coriander King Prawns ASC 150g,£3.95£2.63 / 100g,
fish-and-seafood,Sainsbury's Breaded MSC Cod Fillets x2 300g,£2.79£9.30 / kg,
fish-and-seafood,Leap Wild Fish MSC Sockeye Salmon x2 220g,"£7.95with Nectar
£8.95£40.68 / kg",
fish-and-seafood,"Sainsbury’s Breaded Chunky MSC Cod Loins, Taste the Differen...",£5.75£16.43 / kg,
fish-and-seafood,"Sainsbury's Scottish Salmon, Spinach & Cheddar En Croute, Ta...",£6.95£18.29 / kg,
just-cook-and-slow-cooked,Sainsbury's Just Cook 21 Day Matured Beef Steaks with Black ...,"£5.00with Nectar
£6.25£20.83 / kg",
just-cook-and-slow-cooked,Just Cook Honey Gammon Joint 470g,"£4.00with Nectar
£4.90£10.43 / kg",
just-cook-and-slow-cooked,Sainsbury's Just Cook British Chicken Breast Garlic Crown 52...,"£4.00with Nectar
£5.00£9.26 / kg",
just-cook-and-slow-cooked,Sainsbury's Just Cook Hunters Chicken Breasts 430g,"£4.50with Nectar
£5.65£13.14 / kg",
just-cook-and-slow-cooked,Sainsbury's Slow Cooked British Pork Ribs Smokey BBQ Sauce 6...,£6.50£10.06 / kg,
just-cook-and-slow-cooked,Sainsbury's Just Cook Butter Basted Chicken 500g,£5.25£10.50 / kg,
just-cook-and-slow-cooked,Sainsbury's Slow Cooked British Pulled Pork with Smokey BBQ ...,"£5.00with Nectar
£6.25£10.98 / kg",
just-cook-and-slow-cooked,"Sainsbury's Amarillo Chilli & Lime Butterfly Chicken Breast,...",£6.00£11.21 / kg,
just-cook-and-slow-cooked,Sainsbury's Just Cook Butter Basted Chicken Breast Joint 350...,£4.00£11.43 / kg,
just-cook-and-slow-cooked,Sainsbury's Slow Cook British Pork Ribs With a Sweet Honey G...,"£5.00with Nectar
£6.50£10.06 / kg",
just-cook-and-slow-cooked,Sainsbury's Just Cook Sweet Chilli Chicken Breast Sizzlers 3...,"£3.75with Nectar
£4.50£14.29 / kg",
just-cook-and-slow-cooked,Sainsbury's Just Cook Beef Steaks with Peppercorn 370g,£7.00£18.92 / kg,
just-cook-and-slow-cooked,Sainsbury's Piri Piri Spatchcock British Chicken 1.26kg,£6.00£4.76 / kg,
just-cook-and-slow-cooked,"Sainsbury's Slow Cooked British Gammon Shanks with Maple, Bl...",£6.75£9.93 / kg,
just-cook-and-slow-cooked,Fish Said Fred Whole Sea Bass x2 520g,"£4.88with Nectar
£7.75£14.90 / kg",
just-cook-and-slow-cooked,Sainsbury's Cajun Spiced British Fresh Chicken Breast Grills...,£4.25£12.88 / kg,
just-cook-and-slow-cooked,Sainsbury's Slow Cook Lamb Shanks with Mint 680g (Serves 2),£7.50£11.03 / kg,
just-cook-and-slow-cooked,Sainsbury's Just Cook Chicken Breasts with Spinach & Ricotta...,"£4.50with Nectar
£5.65£15.69 / kg",
just-cook-and-slow-cooked,Sainsbury's Just Cook Italian Style Chicken Breasts with Tom...,£5.65£13.61 / kg,
just-cook-and-slow-cooked,Sainsbury's Ready to Cook Scottish Salmon En Croutes x2 380g,£4.95£13.03 / kg,
just-cook-and-slow-cooked,"Sainsbury's Slow Cooked Beef Bourguignon, Taste the Differen...",£7.50£13.76 / kg,
just-cook-and-slow-cooked,Sainsbury's Slow Cooked Crackling Pork Belly with Calvados J...,£8.00£14.29 / kg,
just-cook-and-slow-cooked,Sainsbury's Slow Cooked British Beef Brisket Joint with Shal...,"£6.00with Nectar
£7.25£15.10 / kg",
just-cook-and-slow-cooked,Sainsbury's Scottish Marine Stewardship Council MSC Mussels ...,£2.66£5.32 / kg,
just-cook-and-slow-cooked,Sainsbury's MSC Ready to Cook Cod Mornay 380g,£5.95£15.66 / kg,
just-cook-and-slow-cooked,Sainsbury's Ready to Cook British Beef Steaks with Red Wine ...,£6.25£20.83 / kg,
just-cook-and-slow-cooked,"Sainsburys Slow Cooked Lamb Shoulder with a Redcurrant, Hone...",£6.10£15.25 / kg,
just-cook-and-slow-cooked,Sainsbury's Slow Cooked Sweet Honey BBQ Pulled British Pork ...,£6.25£10.98 / kg,
just-cook-and-slow-cooked,Sainsbury's Scottish MSC Mussels in Garlic Butter 500g (Serv...,£2.66£5.32 / kg,
just-cook-and-slow-cooked,Sainsbury's 1.45kg Rotisserie Style Whole Chicken,£6.50£4.48 / kg,
just-cook-and-slow-cooked,"Sainsbury's Mango, Coconut & Chilli British Chicken Breast F...",£4.50£14.29 / kg,
just-cook-and-slow-cooked,Sainsbury's Just Cook British Chicken Thigh Fillets with Sti...,"£3.00with Nectar
£3.75£9.87 / kg",
just-cook-and-slow-cooked,"Sainsbury's Slow Cooked Apple Wood Smoked Pulled Pork, Taste...",£6.50£11.93 / kg,
just-cook-and-slow-cooked,"Sainsbury's Mango, Coconut & Chilli Chicken Breast Sizzlers ...",£6.75£10.98 / kg,
just-cook-and-slow-cooked,Sainsbury's Just Cook Teriyaki Chicken Thigh Fillets 380g,£3.75£9.87 / kg,
just-cook-and-slow-cooked,Sainsbury's MSC Ready to Cook Haddock Florentine 380g,£5.75£15.13 / kg,
just-cook-and-slow-cooked,Sainsbury's Just Cook Chicken Breasts Layered with Garlic Bu...,"£4.50with Nectar
£5.65£15.27 / kg",
just-cook-and-slow-cooked,Sainsbury's Just Cook Sage & Apple British Pork Loin Steaks ...,£5.40£13.50 / kg,
just-cook-and-slow-cooked,Sainsbury's Slow Cooked British Lamb Casserole With Rich Red...,£3.50£11.67 / kg,
just-cook-and-slow-cooked,Sainsbury's Slow Cooked British Pork Ribs with Maple 610g,"£5.25with Nectar
£6.25£10.25 / kg",
just-cook-and-slow-cooked,Sainsbury's Slow Cooked British Beef Casserole With Rich Red...,£3.75£12.50 / kg,
just-cook-and-slow-cooked,Sainsbury's Cajun British Chicken Breast Grills 650g,£7.50£11.54 / kg,
just-cook-and-slow-cooked,JS Muscovado & Orange Gammon Joint 1.3kg,£13.00£10.00 / kg,
just-cook-and-slow-cooked,Sainsbury's Lemon & Herb British Chicken Breast Mini Fillets...,£4.00£12.50 / kg,
just-cook-and-slow-cooked,Sainsbury's Slow Cooked British Beef Stroganoff With A Rich ...,"£6.00with Nectar
£7.50£14.15 / kg",
just-cook-and-slow-cooked,Sainsbury's Ready to Cook British Chicken Casserole with Par...,"£5.00with Nectar
£7.00£5.11 / kg",
just-cook-and-slow-cooked,Sainsbury's Chinese Style Pork Loin Steaks 440g,£4.50£10.23 / kg,
just-cook-and-slow-cooked,Sainsbury's British or New Zealand Lamb & Mint Kebabs 360g,£4.50£12.50 / kg,
just-cook-and-slow-cooked,Sainsbury's Ready to Cook Rosemary & Garlic Scottish Salmon ...,£4.95£19.04 / kg,
just-cook-and-slow-cooked,Sainsbury's Slow Cooked Chicken Shawarma 480g,£5.25£10.94 / kg,
just-cook-and-slow-cooked,Sainsbury's Just Cook British Gammon Steaks Cheese & Pineapp...,£4.90£14.20 / kg,
just-cook-and-slow-cooked,Sainsbury's Just Cook Butter Basted Breast Joint with Pork S...,£5.75£11.50 / kg,
just-cook-and-slow-cooked,Sainsbury's Just Cook British Chicken Breast with Cheese & L...,£5.65£14.87 / kg,
just-cook-and-slow-cooked,Sainsbury's Just Cook Mini British Pork Roast 743g,"£5.00with Nectar
£6.00£8.08 / kg",
just-cook-and-slow-cooked,Sainsbury's MSC Ready to Cook Cod Fillets in Parsley Sauce x...,£5.65£14.87 / kg,
just-cook-and-slow-cooked,Sainsbury's Just Cook Minted Lamb Rump Steaks 300g,£5.75£19.17 / kg,
just-cook-and-slow-cooked,Sainsbury's Just Cook Apple & Blackberry British Gammon Join...,£4.90£10.43 / kg,
just-cook-and-slow-cooked,"Sainsbury's Slow Cooked Apple Wood Smoked Sausages, Taste th...",£4.50£11.25 / kg,
just-cook-and-slow-cooked,Sainsbury's Ready to Cook Mini 30 Day Matured British Beef R...,£9.00£16.36 / kg,
just-cook-and-slow-cooked,"Sainsbury's Slow Cooked British Beef Bourguignon, Taste the ...",£8.10£14.86 / kg,
meat-free,Quorn Picnic Eggs 140g,£2.05£14.64 / kg,
meat-free,Quorn Vegetarian Chicken Style Nuggets 300g,"£1.75with Nectar
£2.65£8.83 / kg",
meat-free,Quorn Vegetarian Mince 300g,"£1.50with Nectar
£2.65£8.83 / kg",
meat-free,The Tofoo Co. Naked Organic Tofu 280g,£2.30£8.21 / kg,
meat-free,Quorn Vegan Smoky Ham Free Slices 100g,£2.70£27.00 / kg,
meat-free,Quorn Cocktail Sausages x14 140g,£2.00£14.29 / kg,
meat-free,Richmond Meat Free Vegan & Vegetarian Sausages x8 304g,£2.40£7.89 / kg,
meat-free,Cauldron Falafels 200g,£2.60£13.00 / kg,
meat-free,Linda McCartney Mozzarella Burger x2 227g,"£2.00with Nectar
£2.50£11.01 / kg",
meat-free,Beyond Meat Plant Based Burger Patties x2 226g,£4.50£19.91 / kg,
meat-free,Quorn Vegetarian Mince Family Pack 500g,£2.95£5.90 / kg,
meat-free,Quorn Vegetarian Chicken Style Pieces 500g,£2.95£5.90 / kg,
meat-free,Plant Pioneers Meat Free Mince 500g,£1.86£3.72 / kg,
meat-free,The Tofoo Co. Smoked Organic Tofu 225g,£2.85£12.67 / kg,
meat-free,Quorn Vegetarian Chicken Style Pieces 300g,"£1.50with Nectar
£2.65£8.83 / kg",
meat-free,The Tofoo Co. Naked Organic Tofu 450g,£3.50£7.78 / kg,
meat-free,Quorn Vegetarian Sausages 504g,£2.95£5.85 / kg,
meat-free,Plant Pioneers Meat Free Meatballs 380g,£1.42£3.74 / kg,
meat-free,Gosh! Mediterranean Falafel with Chickpeas & Hint of Basil 1...,£2.30£13.45 / kg,
meat-free,Cauldron Vegetarian Moroccan Spiced Falafels 180g,£2.60£14.44 / kg,
meat-free,Cauldron Vegan Marinated Tofu Pieces 160g,£3.00£18.75 / kg,
meat-free,Quorn Vegetarian Chicken Style Nuggets 475g,£2.95£6.20 / kg,
meat-free,Richmond Vegan & Vegetarian Meat Free Frozen Sausages x8 304...,£2.15£7.07 / kg,
meat-free,Quorn Picnic Eggs x12 240g,£2.95£12.29 / kg,
meat-free,Quorn Vegetarian Swedish Style Balls 300g,"£2.00with Nectar
£2.65£8.83 / kg",
meat-free,Quorn Vegan Chicken Free Slices 100g,£3.00£30.00 / kg,
meat-free,Plant Pioneer No Pork Sausage Rolls 400g,99p£2.48 / kg,
meat-free,Tiba Tempeh Original Block 200g,£2.70£13.50 / kg,
meat-free,Quorn Vegetarian Ham Slices 170g,£2.85£16.76 / kg,
meat-free,Quorn Vegetarian Southern Style Bites 300g,£2.65£8.83 / kg,
meat-free,Cauldron Lincolnshire Vegetarian Sausages x6 276g,£3.10£11.23 / kg,
meat-free,Gosh! Moroccan Spiced Falafel with Red Pepper & Apricot 171g,£2.30£13.45 / kg,
meat-free,Linda McCartney Rosemary Vegetarian Sausages x6 270g,£2.50£9.26 / kg,
meat-free,Linda McCartney Vegetarian Sausages x6 270g,£2.50£9.26 / kg,
meat-free,Quorn Vegetarian Mozzarella & Pesto Escalope x2 240g,£3.25£13.54 / kg,
meat-free,Quorn Vegetarian Cheese & Broccoli Escalope x2 240g,£2.85£11.88 / kg,
meat-free,Linda McCartney Quarter Pounder Burger x2 227g,"£2.00with Nectar
£2.50£11.01 / kg",
meat-free,Quorn Cocktail Sausages x24 240g,£2.95£12.29 / kg,
meat-free,Quorn Vegetarian Southern Style Burger 252g,£2.75£10.91 / kg,
meat-free,This Isn't Beef Plant Based Mince 250g,£3.50£14.00 / kg,
meat-free,This Isn't Pork Plant Based Sausages 270g,£3.75£13.89 / kg,
meat-free,The Vegetarian Butcher What The Cluck Vegan Chicken Chunks 1...,£3.15£19.69 / kg,
meat-free,Richmond Vegan & Vegetarian Chargrilled No Chicken Pieces 16...,£2.70£16.36 / kg,
meat-free,Cauldron Cumberland Vegetarian Sausages x6 276g,£3.10£11.23 / kg,
meat-free,Birds Eye Green Cuisine Vegan Veggie Fingers x10 284g,£2.00£7.04 / kg,
meat-free,Linda McCartney's 10 Vegetarian Sausages 450g,£3.00£6.67 / kg,
meat-free,La Vie Plant Based Bacon Smoked Rashers x8 120g,£3.50£29.17 / kg,
meat-free,Vivera Plant Shawarma Kebab 175g,£2.65£15.14 / kg,
meat-free,Plant Pioneers Ultimate Plant Burgers x2 210g,£2.30£10.95 / kg,
meat-free,Linda Mccartney Vegetarian Mince 500g,"£2.80with Nectar
£3.30£6.60 / kg",
meat-free,Beyond Meat Burger Plant Based Patties x2 226g,£4.00£17.70 / kg,
meat-free,Dr. Oetker Ristorante Margherita Pomodori Vegan Pizza 340g,£3.50£10.29 / kg,
meat-free,Plant Pioneers Vegan Meat Free Lasagne 400g,£2.00£5.00 / kg,
meat-free,Quorn Vegetarian Sausage Rolls x3 210g,£3.10£14.76 / kg,
meat-free,Richmond Vegan & Vegetarian Streaky Bacon Rashers x8 120g,£2.30£19.17 / kg,
meat-free,Meatless Farm Plant-Based Mince 350g,£3.30£9.43 / kg,
meat-free,Squeaky Bean Vegan Pastrami Style Sandwich Slices Ready To E...,£3.00£33.33 / kg,
meat-free,Richmond Vegan & Vegetarian Back Bacon Rashers x6 120g,£2.30£19.17 / kg,
meat-free,Pukka Vegan Sausage Roll 130g,£1.85£14.23 / kg,
meat-free,Strong Roots Sweet Potato Hash Brown 350g,£3.30£9.43 / kg,
pork,Sainsbury's British Pork Mince 5% Fat 500g,£2.55£5.10 / kg,
pork,Sainsbury's Italian Cubetti Di Pancetta 200g,£2.75£1.38 / 100g,
pork,Sainsbury's Inspired to Cook Italian Beechwood Smoked Diced ...,"£2.50with Nectar
£2.75£1.38 / 100g",
pork,Sainsbury's Sweet & Smoky BBQ Pork Loin Steaks 440g,"£2.66with Nectar
£4.00£9.09 / kg",
pork,"Sainsbury's Smoked Air Dried Bacon Lardons, Taste the Differ...","£2.50with Nectar
£3.75£23.44 / kg",
pork,Sainsbury's British Pork Tenderloin Fillet (Approx. 460G),£3.22£6.99 / kg,
pork,Sainsbury's British Pork Loin Steaks x8 800g,£6.50£8.13 / kg,
pork,Sainsbury's British Pork Loin Steaks x4 480g,£4.75£9.90 / kg,
pork,Sainsbury's Thick Cut British Pork Chops x2 500g,£4.90£9.80 / kg,
pork,Sainsbury's Extra Lean British Pork Stir Fry 300g,£2.75£9.17 / kg,
pork,Sainsburys British Pork Chops x4 700g,"£4.50with Nectar
£5.50£7.86 / kg",
pork,Sainsbury's Slow Cooked British Pork Ribs Smokey BBQ Sauce 6...,£6.50£10.06 / kg,
pork,Sainsbury's Chinese Style Pork Loin Steaks 440g,£4.00£9.09 / kg,
pork,Sainsbury's Boston Butt Pork Shoulder Joint (Approx. 1.3kg),"£5.00with Nectar
£5.63£4.50 / kg",
pork,Sainsbury's British Pork Shoulder Joint (Approx. 1.45Kg),£6.20£5.00 / kg,
pork,Sainsbury's British Pork Mince 10% Fat 500g,£2.50£5.00 / kg,
pork,Sainsbury's Slow Cooked British Pulled Pork with Smokey BBQ ...,"£5.00with Nectar
£6.25£10.98 / kg",
pork,Sainsbury's British Pork Belly Slices 500g,£4.65£9.30 / kg,
pork,Sainsbury's British Pork Ribs (Approx.750G),"£5.62with Nectar
£6.18£8.25 / kg",
pork,Sainsbury's Slow Cook British Pork Ribs With a Sweet Honey G...,"£5.00with Nectar
£6.50£10.06 / kg",
pork,Sainsbury's British Pork Loin Steaks x2 240g,£3.25£13.54 / kg,
pork,Sainsbury's Smoked Bacon Lardons 250g,£3.50£14.00 / kg,
pork,Sainsbury's British Pork Mince 10% Fat 1kg,"£4.65with Nectar
£5.15£5.15 / kg",
pork,Sainsbury's British Pork Sage & Onion Stuffing Balls x12 360...,£2.5069p / 100g,
pork,Sainsbury's British Pork Shoulder Steaks x10 1.2kg,"£8.40with Nectar
£9.90£8.25 / kg",
pork,Oakpark Smoked Lean Bacon Lardons 130g,£1.30£10.00 / kg,
pork,Sainsbury's British Pork Boneless Crackling Loin Joint (Appr...,£9.30£7.50 / kg,
pork,Sainsbury's British Large Pork Crackling Loin Joint,"£10.80with Nectar
£13.50£7.50 / kg",
pork,"Sainsbury's Outdoor Bred British Pork Belly Slices, Taste th...",£5.40£10.80 / kg,
pork,Sainsbury's British Pork Boneless Belly Joint (Approx. 700g),£5.25£7.50 / kg,
pork,Sainsbury's British Pork Loin Medallions x4 400g,£4.50£11.25 / kg,
pork,Sainsbury's Slow Cooked Crackling Pork Belly with Calvados J...,£8.00£14.29 / kg,
pork,Sainsbury's British Pork Shoulder Steaks x4 600g,£5.25£8.75 / kg,
pork,Sainsbury's British Pork Mince 20% Fat 500g,£2.40£4.80 / kg,
pork,Sainsbury's British Pork Small Boneless Crackling Leg Joint ...,£5.25£7.00 / kg,
pork,Sainsburys British Pork Meatballs x12 360g,"£2.40with Nectar
£3.00£8.33 / kg",
pork,Sainsbury's Sweet & Sticky BBQ Pork Skewers 420g,£4.50£10.71 / kg,
pork,"Sainsbury's Outdoor Bred British Pork Cutlets, Taste the Dif...",£5.75£10.45 / kg,
pork,Sainsbury's Smoked Air-Dried Dry Cured Thinly Sliced Pancett...,£3.50£19.44 / kg,
pork,"Sainsbury's 5% Fat Outdoor Bred British Pork Mince, Taste th...",£4.25£8.50 / kg,
pork,Sainsbury's British Boneless Pork Ribs 480g,£4.50£9.38 / kg,
pork,Sainsbury's Slow Cooked Sweet Honey BBQ Pulled British Pork ...,£6.25£10.98 / kg,
pork,Sainsbury's Unsmoked Bacon Lardons 2x125g,£3.50£14.00 / kg,
pork,"Sainsbury's Soy, Garlic & Chilli Pork Skewers, Taste the Dif...","£3.33with Nectar
£5.00£11.90 / kg",
pork,Sainsbury's Salt & Chilli Pork Belly Slices 350g,£3.75£10.71 / kg,
pork,Sainsbury's British Extra Lean Diced Pork Leg 425g,£3.75£8.82 / kg,
pork,"Sainsbury's British Fresh Outdoor Bred Pork Loin Steaks, Tas...",£5.50£13.75 / kg,
pork,Sainsbury's British Pork Shoulder Steaks x6 900g,£7.65£8.50 / kg,
pork,Sainsbury's Just Cook Sage & Apple British Pork Loin Steaks ...,£5.40£13.50 / kg,
pork,Sainsbury's Slow Cooked British Pork Ribs with Maple 610g,"£5.25with Nectar
£6.25£10.25 / kg",
pork,"Sainsbury's Outdoor Bred British Pork Tenderloin Fillet, Tas...",£5.49£15.70 / kg,
pork,"Sainsbury's Outdoor Bred British Pork Loin Joint, Taste the ...",£9.25£9.25 / kg,
pork,Sainsbury's Italian Smoked Pancetta 105g,£2.50£2.38 / 100g,
pork,Sainsbury's British Fresh Pork Crackling Leg Joint 1kg-1.8kg,£8.06£6.50 / kg,
pork,Sainsbury's British Pork Rib Rack 500g,£4.50£9.00 / kg,
pork,Mr. Crumb 225g Sage & Onion Stuffing Tray,£2.50£11.11 / kg,
pork,"Sainsbury's Slow Cooked Apple Wood Smoked BBQ Pork Platter, ...",£18.00£11.58 / kg,
pork,Oakpark Naturally Smoked Turkey Lardons 150g,£1.75£11.67 / kg,
pork,Sainsbury's Ready to Cook BBQ Belly Slices with a Smoky BBQ ...,£5.00£12.50 / kg,
